2940 4890
189 219 230 280 24

187 395 278 477 ponit
293 394 522 476 panegyricum
539 398 571 458 et
588 393 725 474 elegiam
742 394 772 458 X
789 392 930 458 carmina
946 398 983 458 ut
1006 394 1076 475 ipse
1093 399 1203 460 censet
1224 393 1353 475 trium¹t

188 521 344 566 annorum
378 500 482 582 spatio
516 501 661 565 seiuncta
695 500 807 565 eodem
835 506 982 581 tempore
1011 520 1039 565 a.
1058 498 1181 585 726128
1211 519 1355 566 seorsum

189 629 208 673 a
243 608 359 673 ceteris
394 607 426 671 in
462 607 565 672 lucem
595 626 614 671 a
644 606 769 672 Tibullo
805 607 922 672 emIssa
956 625 1036 686 esse,
1072 625 1143 671 cum
1175 608 1279 688 ipsum
1305 625 1355 671 ne

188 714 327 796 speciem
361 714 490 796 quidem
523 713 763 795 probabilitatis
799 714 919 780 habeat
951 719 1080 796 poetam
1116 716 1178 779 duo
1216 714 1357 780 carmina
1457 775 1460 780 .

189 821 273 886 inter
305 839 340 885 se
370 820 589 885 diversissima
612 820 764 886 edidisse
795 821 1025 902 comprehensa
1064 822 1269 904 (argumenta
1298 839 1357 885 nec

189 927 300 992 attulit
315 928 365 992 vir
381 928 494 992 doctus
518 945 577 992 nec
599 929 720 1011 potuit)
744 929 844 993 multo
868 930 971 1010 magIs
995 928 1028 992 id
1052 929 1146 994 docet
1161 927 1357 992 Hankelium

190 1033 267 1116 quid
290 1033 388 1098 vellet
412 1033 544 1100 Ovidius
568 1053 701 1114 prorsus
725 1055 788 1100 non
813 1034 1027 1112 intellexisse3
1054 1053 1148 1116 quem
1172 1034 1212 1099 ad
1236 1033 1358 1115 elegias

189 1160 271 1223 quae
295 1142 336 1205 ad
359 1141 486 1205 Deliam
510 1141 684 1222 pertinent,
702 1141 749 1207 VI
768 1142 935 1222 imprimis,
961 1141 1123 1222 respicere
1141 1141 1356 1222 exposuimus.

189 1248 344 1313 Videmus
375 1248 475 1330 igitur
507 1248 653 1323 criticum
686 1248 728 1313 ad
759 1267 901 1313 errorem
930 1248 1120 1329 perductum
1148 1265 1218 1313 esse
1248 1247 1359 1311 eadem
1457 1248 1459 1252 '

190 1373 287 1419 causa
299 1373 336 1419 ac
347 1355 590 1434 Baehrensium
604 1357 688 1436 quod
702 1355 825 1420 duobus
838 1355 985 1420 versibus
999 1354 1164 1420 Ovidianis
1177 1373 1193 1420 e
1208 1358 1360 1419 contextu

191 1461 348 1542 exemptis
362 1480 416 1527 eos
434 1461 488 1543 qui
505 1463 700 1527 autecedunt
716 1462 812 1544 plane
824 1462 968 1544 neglexit
983 1462 1190 1544 ipsorumque
1202 1465 1357 1540 tenorem,

190 1570 245 1650 qui
268 1569 427 1649 quomodo
451 1573 576 1649 spectet
600 1569 640 1634 ad
669 1553 885 1651 principatum
913 1569 980 1632 κατ’
1005 1568 1118 1652 ἐξοχὴν
1143 1568 1358 1650 exposuimus,

191 1694 255 1740 non
280 1675 360 1739 satis
384 1675 551 1757 perspexit
567 1681 661 1740 acute
685 1677 776 1741 illum
793 1677 922 1758 quidem
941 1677 1158 1758 excogitatum
1175 1694 1238 1739 non
1254 1673 1360 1739 minus

191 1801 286 1864 quam
301 1783 475 1864 >gradatim
504 1789 633 1847 auctum
663 1784 941 1866 explanatunrque.
997 1784 1064 1860 Quo
1097 1781 1217 1847 factum
1247 1784 1360 1846 estut

191 1911 232 1956 ne
259 1894 380 1954 rectam
410 1891 538 1972 quidem
569 1893 749 1957 sententiae
778 1904 866 1956 notua
890 1902 956 1956 crat
979 1888 1258 1972 sIgnIficationem,
1289 1907 1360 1952 cum

192 1997 313 2062 sentire
338 1996 510 2077 videretur,
537 1999 695 2079 quomodo
720 2017 759 2063 ex
783 1999 934 2080 opimone
958 2016 1016 2062 sua
1035 1996 1202 2078 colligeret
1225 1995 1362 2060 haberet

191 2123 296 2185 neque
320 2122 395 2168 vero
419 2102 539 2168 habere
563 2109 681 2185 posset.

280 2211 349 2276 Iam
382 2211 524 2275 dubitari
552 2230 615 2276 non
644 2216 753 2292 potest
781 2212 857 2294 quin
887 2210 1006 2277 Tibulli
1035 2210 1118 2274 liber
1145 2211 1268 2292 primus
1296 2228 1361 2274 non

192 2318 292 2383 multo
322 2322 396 2398 post
427 2317 563 2398 Augusti
601 2318 801 2399 principatus
832 2318 959 2383 initium
993 2318 1098 2382 editus
1128 2317 1261 2382 sitnisi
1289 2316 1361 2397 quis

190 2427 277 2490 dicat
318 2424 437 2506 elegias
472 2424 613 2489 Marathi
648 2429 715 2491 tres
746 2426 789 2491 IV
816 2426 890 2492 VIII
912 2425 960 2489 IX
989 2423 1197 2490 difficultates
1227 2442 1359 2505 parare;

191 2533 277 2615 quod
302 2532 449 2613 equidem
475 2531 656 2597 dissuadeo.
700 2544 702 2548 ‘

280 2639 317 2704 In
341 2638 392 2703 hIs
416 2642 525 2703 autern
549 2638 661 2718 elegiis
685 2639 765 2720 ipsis
790 2658 860 2703 aum
888 2639 978 2704 nulla
1009 2643 1096 2704 extet
1123 2637 1278 2719 temporis
1306 2638 1363 2701 de-

191 2746 294 2811 finitio
330 2746 392 2809 viri
429 2745 515 2811 docti
550 2746 583 2809 in
624 2746 703 2810 duas
740 2747 918 2811 sententias
960 2747 1193 2824 discesserunt;
1235 2745 1290 2810 alii
1325 2750 1363 2810 ut

193 2851 364 2918 Teuffelius
398 2852 471 2934 (1.1.
488 2872 521 2933 p.
539 2855 602 2914 477
625 2850 743 2934 sqq.)²)
773 2860 904 2920 censent
933 2872 988 2918 eas
1017 2855 1171 2935 scriptas
1191 2871 1261 2918 esse
1286 2858 1362 2918 ante

193 2959 314 3040 elegias
354 2957 477 3036 Deliae,
517 2959 573 3021 alii
612 2962 649 3022 ut
685 2959 840 3025 Dissenus
876 2961 910 3043 (l.
934 2961 952 3025 l.
976 2981 1006 3042 p.
1029 2961 1102 3043 XX)
1144 2960 1362 3024 Baehrensius

193 3066 227 3148 tl.
245 3066 267 3130 l.
284 3085 315 3147 p.
334 3067 389 3148 22)
404 3065 501 3145 paulo
527 3071 700 3148 antequam
724 3067 806 3132 liber
822 3070 943 3150 primus
960 3070 1121 3134 ederetur.
1162 3068 1363 3149 Quamquam

193 3174 248 3254 qui
272 3172 305 3236 in
337 3173 386 3237 his
415 3171 511 3236 rebus
539 3177 614 3254 post
642 3175 715 3240 illos
746 3178 864 3242 versati
895 3177 960 3241 sint
987 3176 1134 3258 plerique
1163 3176 1300 3240 Disseno
1330 3180 1364 3238 et

193 3280 391 3344 Baehrensio
416 3279 690 3364 adstipulantem)
714 3282 818 3349 fateor
847 3304 897 3349 me
927 3290 1034 3348 taurea
1064 3285 1097 3347 in
1125 3282 1261 3345 alteram
1290 3300 1363 3346 sen·

194 3387 329 3449 tentiam
352 3385 456 3451 adhuc
479 3388 635 3453 inclinare
652 3408 746 3470 quam
763 3410 866 3472 nuper
883 3391 1075 3455 Huebnerus
1093 3389 1141 3453 vir
1158 3389 1363 3453 doctissimus

194 3491 395 3574 stabilivit⁴).
446 3495 508 3559 Hic
532 3497 617 3561 enim
646 3496 857 3576 probabililer
888 3497 1035 3578 exposuit
1060 3495 1221 3561 Tibullum
1250 3497 1283 3560 in
1312 3494 1364 3559 his

264 3706 287 3775 1)
305 3704 421 3760 Constat
439 3707 636 3776 panegyricum
650 3707 794 3764 Messallae
813 3714 958 3781 postquam
976 3709 1021 3763 hic
1042 3708 1213 3763 consulatum
1232 3706 1296 3760 iniit
1315 3707 1364 3761 sed

193 3799 257 3851 ante
276 3812 396 3865 pugnarn
414 3795 556 3849 Actiacam
575 3796 708 3865 scriptum
727 3816 786 3854 esse
805 3803 909 3855 aest-ate
929 3816 952 3854 a.
967 3799 1074 3868 raalai.

264 3884 286 3953 2)
305 3885 339 3940 cf.
354 3884 580 3951 Scheidomantel,
600 3883 789 3938 (tommentatt.
804 3885 910 3955 philoll.
924 3888 1021 3957 quibus
1034 3887 1131 3941 Ottoni
1143 3886 1293 3940 RibbecIrio
1308 3890 1363 3941 ete.

196 3974 423 4043 congratulantur
442 3974 569 4043 discipuli
590 3974 754 4043 Lipsienses,
774 3975 846 4045 Llps.
864 3979 930 4031 1888
949 3993 975 4045 p.
989 3978 1050 4031 375.

266 4062 289 4131 3)
308 4063 342 4116 cf.
356 4063 463 4116 Hanlrel
480 4063 499 4116 l.
513 4063 531 4116 l.
543 4062 648 4132 (Woch.
662 4063 679 4118 f.
695 4063 730 4118 lrl.
744 4063 826 4132 Phil.)
846 4081 869 4133 p.
892 4067 946 4118 172.

266 4152 290 4220 4)
308 4152 400 4206 Herm.
413 4152 480 4208 XIV
498 4155 592 4223 11879)
610 4170 636 4222 p.
651 4155 712 4208 311.
