<?xml version="1.0" encoding="UTF-8"?>
<!DOCTYPE html PUBLIC "-//W3C//DTD XHTML 1.0 Transitional//EN"
    "http://www.w3.org/TR/xhtml1/DTD/xhtml1-transitional.dtd">
<html xmlns="http://www.w3.org/1999/xhtml" xml:lang="en" lang="en">
 <head>
  <title>
</title>
<meta http-equiv="Content-Type" content="text/html;charset=utf-8" />
  <meta name='ocr-system' content='tesseract 3.04.00' />
  <meta name='ocr-capabilities' content='ocr_page ocr_carea ocr_par ocr_line ocrx_word'/>
</head>
<body>
  <div class='ocr_page' id='page_1' title='image "./studiatibullian00ullrgoog_0091.png"; bbox 0 0 2940 4890; ppageno 0'>
   <div class='ocr_carea' id='block_1_1' title="bbox 147 214 188 278">
    <p class='ocr_par' dir='ltr' id='par_1_1' title="bbox 147 214 188 278">
     <span class='ocr_line' id='line_1_1' title="bbox 147 214 188 278; baseline -0.024 0"><span class='ocrx_word' id='word_1_1' title='bbox 147 214 188 278; x_wconf 88' lang='lat'>86</span> 
     </span>
    </p>
   </div>
   <div class='ocr_carea' id='block_1_2' title="bbox 145 385 1318 1139">
    <p class='ocr_par' dir='ltr' id='par_1_2' title="bbox 145 385 1318 1139">
     <span class='ocr_line' id='line_1_2' title="bbox 146 385 1314 470; baseline -0.003 -16"><span class='ocrx_word' id='word_1_2' title='bbox 146 408 279 454; x_wconf 90' lang='lat' dir='ltr'>amoena</span> <span class='ocrx_word' id='word_1_3' title='bbox 307 387 438 470; x_wconf 79' lang='lat' dir='ltr'>scripsit</span> <span class='ocrx_word' id='word_1_4' title='bbox 473 391 506 452; x_wconf 89' lang='lat' dir='ltr'>et</span> <span class='ocrx_word' id='word_1_5' title='bbox 534 385 673 468; x_wconf 82' lang='lat' dir='ltr'>posteris</span> <span class='ocrx_word' id='word_1_6' title='bbox 700 385 840 468; x_wconf 89' lang='lat' dir='ltr'>reliquit.</span> <span class='ocrx_word' id='word_1_7' title='bbox 894 385 962 462; x_wconf 85' lang='lat' dir='ltr'>Quo</span> <span class='ocrx_word' id='word_1_8' title='bbox 992 385 1084 449; x_wconf 92' lang='lat' dir='ltr'>modo</span> <span class='ocrx_word' id='word_1_9' title='bbox 1112 405 1175 450; x_wconf 93' lang='lat' dir='ltr'>non</span> <span class='ocrx_word' id='word_1_10' title='bbox 1205 386 1314 466; x_wconf 92' lang='lat' dir='ltr'>inique</span> 
     </span>
     <span class='ocr_line' id='line_1_3' title="bbox 145 492 1315 574; baseline -0.002 -14"><span class='ocrx_word' id='word_1_11' title='bbox 145 496 223 560; x_wconf 92' lang='lat' dir='ltr'>mihi</span> <span class='ocrx_word' id='word_1_12' title='bbox 258 496 385 561; x_wconf 92' lang='lat' dir='ltr'>videtur</span> <span class='ocrx_word' id='word_1_13' title='bbox 418 492 558 574; x_wconf 81' lang='lat' dir='ltr'>intelligi</span> <span class='ocrx_word' id='word_1_14' title='bbox 591 496 723 573; x_wconf 91' lang='lat' dir='ltr'>praeter</span> <span class='ocrx_word' id='word_1_15' title='bbox 758 498 881 558; x_wconf 87' lang='lat' dir='ltr'>ceteros</span> <span class='ocrx_word' id='word_1_16' title='bbox 911 511 966 557; x_wconf 90' lang='lat' dir='ltr'>cur</span> <span class='ocrx_word' id='word_1_17' title='bbox 994 492 1053 556; x_wconf 94' lang='lat' dir='ltr'>hos</span> <span class='ocrx_word' id='word_1_18' title='bbox 1080 492 1169 573; x_wconf 91' lang='lat' dir='ltr'>ipsos</span> <span class='ocrx_word' id='word_1_19' title='bbox 1200 498 1315 574; x_wconf 88' lang='lat' dir='ltr'>poetas</span> 
     </span>
     <span class='ocr_line' id='line_1_4' title="bbox 146 599 1177 682; baseline -0.002 -17"><span class='ocrx_word' id='word_1_20' title='bbox 146 601 305 665; x_wconf 79' lang='lat' dir='ltr'>Martialis</span> <span class='ocrx_word' id='word_1_21' title='bbox 330 600 518 682; x_wconf 90' lang='lat' dir='ltr'>opposuerit</span> <span class='ocrx_word' id='word_1_22' title='bbox 541 617 667 679; x_wconf 90' lang='lat' dir='ltr'>quaque</span> <span class='ocrx_word' id='word_1_23' title='bbox 691 599 817 665; x_wconf 89' lang='lat' dir='ltr'>ratione</span> <span class='ocrx_word' id='word_1_24' title='bbox 840 599 880 664; x_wconf 93' lang='lat' dir='ltr'>de</span> <span class='ocrx_word' id='word_1_25' title='bbox 905 599 951 663; x_wconf 91' lang='lat' dir='ltr'>eis</span> <span class='ocrx_word' id='word_1_26' title='bbox 976 599 1177 663; x_wconf 89' lang='lat' dir='ltr'>iudicaverit.</span> 
     </span>
     <span class='ocr_line' id='line_1_5' title="bbox 235 702 1317 787; baseline 0 -16"><span class='ocrx_word' id='word_1_27' title='bbox 235 708 426 774; x_wconf 85' lang='lat' dir='ltr'>Persuasum</span> <span class='ocrx_word' id='word_1_28' title='bbox 451 707 551 787; x_wconf 89' lang='lat' dir='ltr'>igitur</span> <span class='ocrx_word' id='word_1_29' title='bbox 574 705 676 770; x_wconf 91' lang='lat' dir='ltr'>habeo</span> <span class='ocrx_word' id='word_1_30' title='bbox 698 702 967 787; x_wconf 87' lang='lat' dir='ltr'>apophoretorum</span> <span class='ocrx_word' id='word_1_31' title='bbox 983 723 1065 786; x_wconf 93' lang='lat' dir='ltr'>quae</span> <span class='ocrx_word' id='word_1_32' title='bbox 1082 705 1210 786; x_wconf 90' lang='lat' dir='ltr'>quidem</span> <span class='ocrx_word' id='word_1_33' title='bbox 1227 723 1317 787; x_wconf 87' lang='lat' dir='ltr'>spec·</span> 
     </span>
     <span class='ocr_line' id='line_1_6' title="bbox 146 811 1318 879; baseline -0.003 -1"><span class='ocrx_word' id='word_1_34' title='bbox 146 819 217 879; x_wconf 91' lang='lat' dir='ltr'>tent</span> <span class='ocrx_word' id='word_1_35' title='bbox 241 815 281 878; x_wconf 91' lang='lat' dir='ltr'>ad</span> <span class='ocrx_word' id='word_1_36' title='bbox 304 814 403 879; x_wconf 90' lang='lat' dir='ltr'>libros</span> <span class='ocrx_word' id='word_1_37' title='bbox 423 814 596 877; x_wconf 83' lang='lat'>183-196</span> <span class='ocrx_word' id='word_1_38' title='bbox 621 812 765 878; x_wconf 86' lang='lat' dir='ltr'>ordinem</span> <span class='ocrx_word' id='word_1_39' title='bbox 788 830 846 877; x_wconf 88' lang='lat' dir='ltr'>neo</span> <span class='ocrx_word' id='word_1_40' title='bbox 869 813 1034 877; x_wconf 86' lang='lat' dir='ltr'>turbatum</span> <span class='ocrx_word' id='word_1_41' title='bbox 1059 830 1130 877; x_wconf 89' lang='lat' dir='ltr'>esse</span> <span class='ocrx_word' id='word_1_42' title='bbox 1153 811 1318 877; x_wconf 85' lang='grc'><strong>11111111-</strong></span> 
     </span>
     <span class='ocr_line' id='line_1_7' title="bbox 146 918 1318 1002; baseline -0.002 -17"><span class='ocrx_word' id='word_1_43' title='bbox 146 921 197 985; x_wconf 95' lang='lat' dir='ltr'>nis</span> <span class='ocrx_word' id='word_1_44' title='bbox 226 921 445 1002; x_wconf 85' lang='lat' dir='ltr'>depravatum,</span> <span class='ocrx_word' id='word_1_45' title='bbox 475 920 699 1001; x_wconf 89' lang='lat' dir='ltr'>integrumque</span> <span class='ocrx_word' id='word_1_46' title='bbox 728 921 776 983; x_wconf 92' lang='lat' dir='ltr'>ita</span> <span class='ocrx_word' id='word_1_47' title='bbox 803 924 840 983; x_wconf 91' lang='lat' dir='ltr'>ut</span> <span class='ocrx_word' id='word_1_48' title='bbox 867 918 942 982; x_wconf 90' lang='lat' dir='ltr'>inde</span> <span class='ocrx_word' id='word_1_49' title='bbox 973 936 992 982; x_wconf 90' lang='lat' dir='ltr'>a</span> <span class='ocrx_word' id='word_1_50' title='bbox 1019 919 1080 982; x_wconf 89' lang='grc'>183</span> <span class='ocrx_word' id='word_1_51' title='bbox 1111 919 1151 983; x_wconf 92' lang='lat' dir='ltr'>ad</span> <span class='ocrx_word' id='word_1_52' title='bbox 1183 920 1244 983; x_wconf 81' lang='grc'>192</span> <span class='ocrx_word' id='word_1_53' title='bbox 1275 919 1318 983; x_wconf 87' lang='grc'>111</span> 
     </span>
     <span class='ocr_line' id='line_1_8' title="bbox 147 1025 1316 1139; baseline 0 -49"><span class='ocrx_word' id='word_1_54' title='bbox 147 1026 206 1091; x_wconf 86' lang='grc' dir='ltr'>ΡΙ)</span> <span class='ocrx_word' id='word_1_55' title='bbox 231 1027 290 1090; x_wconf 90' lang='grc' dir='ltr'>ΡΙ)</span> <span class='ocrx_word' id='word_1_56' title='bbox 320 1046 404 1109; x_wconf 91' lang='lat' dir='ltr'>sqq.,</span> <span class='ocrx_word' id='word_1_57' title='bbox 441 1032 509 1091; x_wconf 90' lang='lat' dir='ltr'>tum</span> <span class='ocrx_word' id='word_1_58' title='bbox 544 1026 724 1092; x_wconf 87' lang='lat' dir='ltr'>invertatur</span> <span class='ocrx_word' id='word_1_59' title='bbox 753 1025 826 1090; x_wconf 93' lang='lat' dir='ltr'>inde</span> <span class='ocrx_word' id='word_1_60' title='bbox 861 1044 880 1088; x_wconf 92' lang='lat' dir='ltr'>a</span> <span class='ocrx_word' id='word_1_61' title='bbox 911 1026 972 1089; x_wconf 87' lang='grc'>193</span> <span class='ocrx_word' id='word_1_62' title='bbox 1003 1025 1044 1089; x_wconf 91' lang='lat' dir='ltr'>ad</span> <span class='ocrx_word' id='word_1_63' title='bbox 1076 1026 1316 1139; x_wconf 53' lang='grc'><strong>1911111113.</strong></span> 
     </span>
    </p>
   </div>
   <div class='ocr_carea' id='block_1_3' title="bbox 148 1167 1367 1355">
    <p class='ocr_par' dir='ltr' id='par_1_3' title="bbox 148 1167 1367 1355">
     <span class='ocr_line' id='line_1_9' title="bbox 148 1167 1367 1249; baseline -0.002 -17"><span class='ocrx_word' id='word_1_64' title='bbox 148 1168 238 1244; x_wconf 81' lang='lat' dir='ltr'>Quod</span> <span class='ocrx_word' id='word_1_65' title='bbox 251 1170 278 1233; x_wconf 92' lang='lat' dir='ltr'>si</span> <span class='ocrx_word' id='word_1_66' title='bbox 290 1169 349 1234; x_wconf 87' lang='lat' dir='ltr'>hoo</span> <span class='ocrx_word' id='word_1_67' title='bbox 361 1170 479 1233; x_wconf 89' lang='lat' dir='ltr'>malum</span> <span class='ocrx_word' id='word_1_68' title='bbox 493 1187 564 1233; x_wconf 90' lang='lat' dir='ltr'>esse</span> <span class='ocrx_word' id='word_1_69' title='bbox 576 1168 720 1232; x_wconf 89' lang='lat' dir='ltr'>iudicant</span> <span class='ocrx_word' id='word_1_70' title='bbox 733 1167 772 1247; x_wconf 89' lang='lat' dir='ltr'>ei,</span> <span class='ocrx_word' id='word_1_71' title='bbox 791 1167 845 1249; x_wconf 90' lang='lat' dir='ltr'>qni</span> <span class='ocrx_word' id='word_1_72' title='bbox 858 1187 917 1249; x_wconf 93' lang='lat' dir='ltr'>per</span> <span class='ocrx_word' id='word_1_73' title='bbox 929 1172 1031 1232; x_wconf 91' lang='lat' dir='ltr'>totum</span> <span class='ocrx_word' id='word_1_74' title='bbox 1044 1167 1161 1232; x_wconf 93' lang='lat' dir='ltr'>librum</span> <span class='ocrx_word' id='word_1_75' title='bbox 1175 1168 1318 1233; x_wconf 89' lang='lat' dir='ltr'>ordinem</span> <span class='ocrx_word' id='word_1_76' title='bbox 1364 1219 1367 1223; x_wconf 66' lang='grc'><strong><em>,</em></strong></span> 
     </span>
     <span class='ocr_line' id='line_1_10' title="bbox 148 1273 1319 1355; baseline -0.002 -17"><span class='ocrx_word' id='word_1_77' title='bbox 148 1274 207 1338; x_wconf 91' lang='lat' dir='ltr'>DP</span> <span class='ocrx_word' id='word_1_78' title='bbox 233 1276 292 1339; x_wconf 93' lang='lat' dir='ltr'>DP</span> <span class='ocrx_word' id='word_1_79' title='bbox 321 1281 506 1341; x_wconf 81' lang='lat' dir='ltr'>constanter</span> <span class='ocrx_word' id='word_1_80' title='bbox 533 1275 645 1355; x_wconf 89' lang='lat' dir='ltr'>utiquc</span> <span class='ocrx_word' id='word_1_81' title='bbox 673 1273 932 1339; x_wconf 89' lang='lat' dir='ltr'>constituendum</span> <span class='ocrx_word' id='word_1_82' title='bbox 960 1292 1031 1338; x_wconf 90' lang='lat' dir='ltr'>csse</span> <span class='ocrx_word' id='word_1_83' title='bbox 1058 1274 1121 1339; x_wconf 93' lang='lat' dir='ltr'>sibi</span> <span class='ocrx_word' id='word_1_84' title='bbox 1148 1291 1319 1355; x_wconf 88' lang='lat' dir='ltr'>persuase-</span> 
     </span>
    </p>
   </div>
   <div class='ocr_carea' id='block_1_4' title="bbox 150 1365 289 1389">
    <p class='ocr_par' dir='ltr' id='par_1_4' title="bbox 150 1365 289 1389">
     <span class='ocr_line' id='line_1_11' title="bbox 150 1365 289 1389; baseline 0 0"><span class='ocrx_word' id='word_1_85' title='bbox 150 1365 289 1389; x_wconf 51' lang='lat' dir='ltr'>ber-2⁴</span> 
     </span>
    </p>
   </div>
   <div class='ocr_carea' id='block_1_5' title="bbox 147 1414 1320 1819">
    <p class='ocr_par' dir='ltr' id='par_1_5' title="bbox 147 1414 1320 1819">
     <span class='ocr_line' id='line_1_12' title="bbox 147 1414 1319 1498; baseline 0 -20"><span class='ocrx_word' id='word_1_86' title='bbox 147 1421 237 1497; x_wconf 91' lang='lat' dir='ltr'>runt,</span> <span class='ocrx_word' id='word_1_87' title='bbox 270 1422 379 1481; x_wconf 89' lang='lat' dir='ltr'>tamen</span> <span class='ocrx_word' id='word_1_88' title='bbox 409 1417 583 1498; x_wconf 82' lang='lat' dir='ltr'>codicibus,</span> <span class='ocrx_word' id='word_1_89' title='bbox 615 1416 699 1498; x_wconf 92' lang='lat' dir='ltr'>quod</span> <span class='ocrx_word' id='word_1_90' title='bbox 722 1416 896 1498; x_wconf 93' lang='lat' dir='ltr'>plurimum</span> <span class='ocrx_word' id='word_1_91' title='bbox 922 1414 953 1479; x_wconf 94' lang='lat' dir='ltr'>h.</span> <span class='ocrx_word' id='word_1_92' title='bbox 972 1414 993 1478; x_wconf 92' lang='lat' dir='ltr'>l.</span> <span class='ocrx_word' id='word_1_93' title='bbox 1017 1416 1116 1495; x_wconf 88' lang='lat' dir='ltr'>iuvat,</span> <span class='ocrx_word' id='word_1_94' title='bbox 1142 1415 1230 1479; x_wconf 87' lang='lat' dir='ltr'>credi</span> <span class='ocrx_word' id='word_1_95' title='bbox 1253 1434 1319 1478; x_wconf 87' lang='lat' dir='ltr'>ma-</span> 
     </span>
     <span class='ocr_line' id='line_1_13' title="bbox 147 1522 1320 1603; baseline 0.001 -18"><span class='ocrx_word' id='word_1_96' title='bbox 147 1523 278 1603; x_wconf 81' lang='lat' dir='ltr'>luerim,</span> <span class='ocrx_word' id='word_1_97' title='bbox 315 1529 352 1589; x_wconf 91' lang='lat' dir='ltr'>ut</span> <span class='ocrx_word' id='word_1_98' title='bbox 380 1524 546 1589; x_wconf 89' lang='lat' dir='ltr'>libidinem</span> <span class='ocrx_word' id='word_1_99' title='bbox 574 1523 706 1588; x_wconf 90' lang='lat' dir='ltr'>lacunas</span> <span class='ocrx_word' id='word_1_100' title='bbox 729 1522 781 1587; x_wconf 92' lang='lat' dir='ltr'>hic</span> <span class='ocrx_word' id='word_1_101' title='bbox 804 1522 870 1586; x_wconf 90' lang='lat' dir='ltr'>illio</span> <span class='ocrx_word' id='word_1_102' title='bbox 895 1523 1069 1602; x_wconf 87' lang='lat' dir='ltr'>statuendi,</span> <span class='ocrx_word' id='word_1_103' title='bbox 1098 1522 1132 1585; x_wconf 96' lang='lat' dir='ltr'>in</span> <span class='ocrx_word' id='word_1_104' title='bbox 1156 1540 1218 1603; x_wconf 88' lang='lat' dir='ltr'>quo</span> <span class='ocrx_word' id='word_1_105' title='bbox 1243 1526 1320 1603; x_wconf 88' lang='lat' dir='ltr'>quot</span> 
     </span>
     <span class='ocr_line' id='line_1_14' title="bbox 148 1628 1318 1711; baseline 0.001 -19"><span class='ocrx_word' id='word_1_106' title='bbox 148 1630 256 1710; x_wconf 87' lang='lat' dir='ltr'>capita</span> <span class='ocrx_word' id='word_1_107' title='bbox 279 1635 328 1696; x_wconf 91' lang='lat' dir='ltr'>tot</span> <span class='ocrx_word' id='word_1_108' title='bbox 353 1649 476 1710; x_wconf 88' lang='lat' dir='ltr'>sensus,</span> <span class='ocrx_word' id='word_1_109' title='bbox 513 1628 671 1710; x_wconf 85' lang='lat' dir='ltr'>effugiam,</span> <span class='ocrx_word' id='word_1_110' title='bbox 701 1634 743 1711; x_wconf 84' lang='lat' dir='ltr'>et,</span> <span class='ocrx_word' id='word_1_111' title='bbox 773 1630 859 1710; x_wconf 91' lang='lat' dir='ltr'>quod</span> <span class='ocrx_word' id='word_1_112' title='bbox 888 1629 1016 1711; x_wconf 87' lang='lat' dir='ltr'>gravius</span> <span class='ocrx_word' id='word_1_113' title='bbox 1047 1633 1106 1711; x_wconf 88' lang='lat' dir='ltr'>est,</span> <span class='ocrx_word' id='word_1_114' title='bbox 1139 1630 1318 1709; x_wconf 84' lang='lat' dir='ltr'>sententiis,</span> 
     </span>
     <span class='ocr_line' id='line_1_15' title="bbox 149 1735 1320 1819; baseline 0.002 -20"><span class='ocrx_word' id='word_1_115' title='bbox 149 1755 230 1816; x_wconf 91' lang='lat' dir='ltr'>quae</span> <span class='ocrx_word' id='word_1_116' title='bbox 260 1736 545 1819; x_wconf 86' lang='lat' dir='ltr'>epigrammatibus</span> <span class='ocrx_word' id='word_1_117' title='bbox 574 1736 778 1802; x_wconf 89' lang='lat' dir='ltr'>continentur</span> <span class='ocrx_word' id='word_1_118' title='bbox 807 1736 891 1800; x_wconf 87' lang='lat' dir='ltr'>idem</span> <span class='ocrx_word' id='word_1_119' title='bbox 919 1735 1146 1817; x_wconf 89' lang='lat' dir='ltr'>probantibus;</span> <span class='ocrx_word' id='word_1_120' title='bbox 1171 1754 1320 1817; x_wconf 88' lang='lat' dir='ltr'>namque</span> 
     </span>
    </p>
   </div>
   <div class='ocr_carea' id='block_1_6' title="bbox 146 1841 1322 2459">
    <p class='ocr_par' dir='ltr' id='par_1_6' title="bbox 146 1841 1322 2459">
     <span class='ocr_line' id='line_1_16' title="bbox 148 1841 1320 1926; baseline 0.001 -19"><span class='ocrx_word' id='word_1_121' title='bbox 148 1843 356 1925; x_wconf 90' lang='lat' dir='ltr'>expluribus</span> <span class='ocrx_word' id='word_1_122' title='bbox 380 1845 473 1911; x_wconf 93' lang='lat' dir='ltr'>malis</span> <span class='ocrx_word' id='word_1_123' title='bbox 499 1881 540 1892; x_wconf 92' lang='lat'>-</span> <span class='ocrx_word' id='word_1_124' title='bbox 564 1845 591 1908; x_wconf 94' lang='lat' dir='ltr'>si</span> <span class='ocrx_word' id='word_1_125' title='bbox 616 1844 742 1908; x_wconf 90' lang='lat' dir='ltr'>omnino</span> <span class='ocrx_word' id='word_1_126' title='bbox 767 1841 886 1907; x_wconf 88' lang='lat' dir='ltr'>malum</span> <span class='ocrx_word' id='word_1_127' title='bbox 910 1846 1029 1923; x_wconf 86' lang='lat' dir='ltr'>restat,</span> <span class='ocrx_word' id='word_1_128' title='bbox 1062 1844 1148 1925; x_wconf 89' lang='lat' dir='ltr'>quod</span> <span class='ocrx_word' id='word_1_129' title='bbox 1171 1861 1253 1926; x_wconf 90' lang='lat' dir='ltr'>nego</span> <span class='ocrx_word' id='word_1_130' title='bbox 1280 1881 1320 1890; x_wconf 88' lang='lat'>—</span> 
     </span>
     <span class='ocr_line' id='line_1_17' title="bbox 146 1949 1321 2032; baseline 0.002 -21"><span class='ocrx_word' id='word_1_131' title='bbox 146 1949 312 2013; x_wconf 90' lang='lat' dir='ltr'>minimum</span> <span class='ocrx_word' id='word_1_132' title='bbox 337 1954 465 2030; x_wconf 85' lang='lat' dir='ltr'>oportet</span> <span class='ocrx_word' id='word_1_133' title='bbox 488 1949 636 2032; x_wconf 83' lang='lat' dir='ltr'>eligatur.</span> <span class='ocrx_word' id='word_1_134' title='bbox 685 1951 781 2018; x_wconf 85' lang='lat' dir='ltr'>Aliud</span> <span class='ocrx_word' id='word_1_135' title='bbox 805 1968 931 2031; x_wconf 91' lang='lat' dir='ltr'>quoque</span> <span class='ocrx_word' id='word_1_136' title='bbox 954 1951 1146 2030; x_wconf 83' lang='lat' dir='ltr'>monuerim,</span> <span class='ocrx_word' id='word_1_137' title='bbox 1172 1951 1267 2032; x_wconf 89' lang='lat' dir='ltr'>quod,</span> <span class='ocrx_word' id='word_1_138' title='bbox 1293 1951 1321 2015; x_wconf 93' lang='lat' dir='ltr'>si</span> 
     </span>
     <span class='ocr_line' id='line_1_18' title="bbox 147 2054 1321 2140; baseline 0.003 -23"><span class='ocrx_word' id='word_1_139' title='bbox 147 2054 231 2120; x_wconf 91' lang='lat' dir='ltr'>hunc</span> <span class='ocrx_word' id='word_1_140' title='bbox 255 2074 349 2136; x_wconf 88' lang='lat' dir='ltr'>quem</span> <span class='ocrx_word' id='word_1_141' title='bbox 374 2055 590 2122; x_wconf 88' lang='lat' dir='ltr'>demonstravi</span> <span class='ocrx_word' id='word_1_142' title='bbox 607 2057 751 2121; x_wconf 85' lang='lat' dir='ltr'>ordinem</span> <span class='ocrx_word' id='word_1_143' title='bbox 776 2055 949 2137; x_wconf 89' lang='lat' dir='ltr'>sequimur,</span> <span class='ocrx_word' id='word_1_144' title='bbox 974 2076 1037 2121; x_wconf 93' lang='lat' dir='ltr'>non</span> <span class='ocrx_word' id='word_1_145' title='bbox 1060 2055 1160 2137; x_wconf 88' lang='lat' dir='ltr'>fugit:</span> <span class='ocrx_word' id='word_1_146' title='bbox 1186 2074 1321 2140; x_wconf 87' lang='lat' dir='ltr'>symme-</span> 
     </span>
     <span class='ocr_line' id='line_1_19' title="bbox 149 2161 1321 2245; baseline 0.001 -20"><span class='ocrx_word' id='word_1_147' title='bbox 149 2162 244 2226; x_wconf 92' lang='lat' dir='ltr'>triam</span> <span class='ocrx_word' id='word_1_148' title='bbox 269 2161 429 2244; x_wconf 88' lang='lat' dir='ltr'>quandam</span> <span class='ocrx_word' id='word_1_149' title='bbox 458 2162 553 2227; x_wconf 91' lang='lat' dir='ltr'>huius</span> <span class='ocrx_word' id='word_1_150' title='bbox 584 2162 696 2227; x_wconf 88' lang='lat' dir='ltr'>classis</span> <span class='ocrx_word' id='word_1_151' title='bbox 725 2181 806 2243; x_wconf 90' lang='lat' dir='ltr'>quae</span> <span class='ocrx_word' id='word_1_152' title='bbox 836 2162 876 2226; x_wconf 93' lang='lat' dir='ltr'>ad</span> <span class='ocrx_word' id='word_1_153' title='bbox 899 2163 1000 2228; x_wconf 90' lang='lat' dir='ltr'>libros</span> <span class='ocrx_word' id='word_1_154' title='bbox 1024 2167 1150 2245; x_wconf 87' lang='lat' dir='ltr'>spectat</span> <span class='ocrx_word' id='word_1_155' title='bbox 1174 2163 1321 2229; x_wconf 86' lang='lat' dir='ltr'>evadere.</span> 
     </span>
     <span class='ocr_line' id='line_1_20' title="bbox 148 2268 1322 2352; baseline 0 -19"><span class='ocrx_word' id='word_1_156' title='bbox 148 2269 266 2350; x_wconf 88' lang='lat' dir='ltr'>Incipit</span> <span class='ocrx_word' id='word_1_157' title='bbox 288 2268 449 2333; x_wconf 87' lang='lat' dir='ltr'>Martialis</span> <span class='ocrx_word' id='word_1_158' title='bbox 479 2288 497 2334; x_wconf 93' lang='lat' dir='ltr'>a</span> <span class='ocrx_word' id='word_1_159' title='bbox 525 2274 726 2350; x_wconf 87' lang='lat' dir='ltr'>poetarum</span> <span class='ocrx_word' id='word_1_160' title='bbox 756 2268 932 2333; x_wconf 91' lang='lat' dir='ltr'>binorum</span> <span class='ocrx_word' id='word_1_161' title='bbox 962 2271 1133 2335; x_wconf 90' lang='lat' dir='ltr'>eorundem</span> <span class='ocrx_word' id='word_1_162' title='bbox 1169 2270 1322 2352; x_wconf 88' lang='lat' dir='ltr'>operibus</span> 
     </span>
     <span class='ocr_line' id='line_1_21' title="bbox 151 2374 1322 2459; baseline 0.002 -21"><span class='ocrx_word' id='word_1_163' title='bbox 151 2376 371 2458; x_wconf 74' lang='grc'><strong>(183-186),</strong></span> <span class='ocrx_word' id='word_1_164' title='bbox 407 2375 441 2440; x_wconf 91' lang='lat' dir='ltr'>in</span> <span class='ocrx_word' id='word_1_165' title='bbox 475 2374 538 2440; x_wconf 90' lang='lat' dir='ltr'>fine</span> <span class='ocrx_word' id='word_1_166' title='bbox 568 2377 661 2457; x_wconf 89' lang='lat' dir='ltr'>ponit</span> <span class='ocrx_word' id='word_1_167' title='bbox 688 2376 866 2441; x_wconf 90' lang='lat' dir='ltr'>binorum</span> <span class='ocrx_word' id='word_1_168' title='bbox 893 2382 1098 2457; x_wconf 91' lang='lat' dir='ltr'>poetarum</span> <span class='ocrx_word' id='word_1_169' title='bbox 1130 2395 1322 2459; x_wconf 91' lang='lat' dir='ltr'>quamquam</span> 
     </span>
    </p>
   </div>
   <div class='ocr_carea' id='block_1_7' title="bbox 150 2481 1404 3740">
    <p class='ocr_par' dir='ltr' id='par_1_7' title="bbox 150 2481 1404 3740">
     <span class='ocr_line' id='line_1_22' title="bbox 150 2481 1322 2565; baseline 0.001 -20"><span class='ocrx_word' id='word_1_170' title='bbox 150 2500 213 2547; x_wconf 94' lang='lat' dir='ltr'>non</span> <span class='ocrx_word' id='word_1_171' title='bbox 248 2481 422 2546; x_wconf 90' lang='lat' dir='ltr'>eorundem</span> <span class='ocrx_word' id='word_1_172' title='bbox 458 2501 496 2546; x_wconf 91' lang='lat' dir='ltr'>ea</span> <span class='ocrx_word' id='word_1_173' title='bbox 529 2487 638 2547; x_wconf 91' lang='lat' dir='ltr'>tamen</span> <span class='ocrx_word' id='word_1_174' title='bbox 673 2502 737 2565; x_wconf 90' lang='lat' dir='ltr'>qua</span> <span class='ocrx_word' id='word_1_175' title='bbox 772 2482 909 2547; x_wconf 85' lang='lat' dir='ltr'>diximus</span> <span class='ocrx_word' id='word_1_176' title='bbox 948 2484 1075 2550; x_wconf 88' lang='lat' dir='ltr'>ratione</span> <span class='ocrx_word' id='word_1_177' title='bbox 1113 2483 1322 2549; x_wconf 90' lang='lat' dir='ltr'>finitimorum</span> 
     </span>
     <span class='ocr_line' id='line_1_23' title="bbox 151 2589 1323 2673; baseline -0.001 -20"><span class='ocrx_word' id='word_1_178' title='bbox 151 2607 249 2670; x_wconf 92' lang='lat' dir='ltr'>opera</span> <span class='ocrx_word' id='word_1_179' title='bbox 265 2589 485 2673; x_wconf 73' lang='grc'><strong>(193-19611</strong></span> <span class='ocrx_word' id='word_1_180' title='bbox 511 2589 544 2653; x_wconf 94' lang='lat' dir='ltr'>in</span> <span class='ocrx_word' id='word_1_181' title='bbox 561 2590 666 2655; x_wconf 93' lang='lat' dir='ltr'>medio</span> <span class='ocrx_word' id='word_1_182' title='bbox 683 2595 790 2655; x_wconf 87' lang='lat' dir='ltr'>autem</span> <span class='ocrx_word' id='word_1_183' title='bbox 807 2589 959 2670; x_wconf 87' lang='lat' dir='ltr'>leguntur</span> <span class='ocrx_word' id='word_1_184' title='bbox 978 2597 1071 2656; x_wconf 87' lang='lat' dir='ltr'>terna</span> <span class='ocrx_word' id='word_1_185' title='bbox 1088 2591 1323 2672; x_wconf 89' lang='lat' dir='ltr'>epigrammata</span> 
     </span>
     <span class='ocr_line' id='line_1_24' title="bbox 150 2694 1322 2780; baseline 0.001 -22"><span class='ocrx_word' id='word_1_186' title='bbox 150 2694 265 2776; x_wconf 90' lang='lat' dir='ltr'>quibus</span> <span class='ocrx_word' id='word_1_187' title='bbox 298 2714 434 2776; x_wconf 90' lang='lat' dir='ltr'>prosae</span> <span class='ocrx_word' id='word_1_188' title='bbox 470 2697 662 2762; x_wconf 90' lang='lat' dir='ltr'>orationis</span> <span class='ocrx_word' id='word_1_189' title='bbox 697 2699 913 2779; x_wconf 89' lang='lat' dir='ltr'>scriptores</span> <span class='ocrx_word' id='word_1_190' title='bbox 947 2701 1154 2780; x_wconf 88' lang='lat' dir='ltr'>opponuntur</span> <span class='ocrx_word' id='word_1_191' title='bbox 1185 2696 1322 2778; x_wconf 90' lang='lat' dir='ltr'>poetis</span> 
     </span>
     <span class='ocr_line' id='line_1_25' title="bbox 150 2801 1323 2885; baseline 0.001 -20"><span class='ocrx_word' id='word_1_192' title='bbox 150 2801 367 2885; x_wconf 77' lang='lat'><strong>(187-192).</strong></span> <span class='ocrx_word' id='word_1_193' title='bbox 419 2801 482 2867; x_wconf 87' lang='lat' dir='ltr'>Sed</span> <span class='ocrx_word' id='word_1_194' title='bbox 518 2803 636 2867; x_wconf 83' lang='lat' dir='ltr'>dixerit</span> <span class='ocrx_word' id='word_1_195' title='bbox 670 2805 741 2885; x_wconf 89' lang='lat' dir='ltr'>quis</span> <span class='ocrx_word' id='word_1_196' title='bbox 775 2804 837 2870; x_wconf 92' lang='lat' dir='ltr'>hoc</span> <span class='ocrx_word' id='word_1_197' title='bbox 870 2805 916 2868; x_wconf 92' lang='lat' dir='ltr'>nil</span> <span class='ocrx_word' id='word_1_198' title='bbox 951 2807 1059 2870; x_wconf 88' lang='lat' dir='ltr'>valere</span> <span class='ocrx_word' id='word_1_199' title='bbox 1089 2810 1122 2870; x_wconf 92' lang='grc'>11</span> <span class='ocrx_word' id='word_1_200' title='bbox 1151 2804 1226 2869; x_wconf 85' lang='grc'><strong>11111</strong></span> <span class='ocrx_word' id='word_1_201' title='bbox 1252 2820 1323 2867; x_wconf 88' lang='grc'><strong>1111</strong></span> 
     </span>
     <span class='ocr_line' id='line_1_26' title="bbox 150 2908 1324 2991; baseline 0.001 -19"><span class='ocrx_word' id='word_1_202' title='bbox 150 2908 369 2988; x_wconf 82' lang='lat' dir='ltr'>tribuendnm3</span> <span class='ocrx_word' id='word_1_203' title='bbox 408 2909 492 2991; x_wconf 91' lang='lat' dir='ltr'>quod</span> <span class='ocrx_word' id='word_1_204' title='bbox 526 2928 590 2975; x_wconf 91' lang='lat' dir='ltr'>non</span> <span class='ocrx_word' id='word_1_205' title='bbox 626 2911 824 2978; x_wconf 90' lang='lat' dir='ltr'>crediderim.</span> <span class='ocrx_word' id='word_1_206' title='bbox 880 2912 922 2976; x_wconf 86' lang='lat' dir='ltr'>Et</span> <span class='ocrx_word' id='word_1_207' title='bbox 951 2912 978 2977; x_wconf 93' lang='lat' dir='ltr'>si</span> <span class='ocrx_word' id='word_1_208' title='bbox 1006 2918 1094 2978; x_wconf 89' lang='lat' dir='ltr'>recte</span> <span class='ocrx_word' id='word_1_209' title='bbox 1125 2912 1266 2976; x_wconf 90' lang='lat' dir='ltr'>creditur</span> <span class='ocrx_word' id='word_1_210' title='bbox 1290 2910 1324 2974; x_wconf 95' lang='lat' dir='ltr'>id</span> 
     </span>
     <span class='ocr_line' id='line_1_27' title="bbox 152 3015 1324 3100; baseline 0.002 -22"><span class='ocrx_word' id='word_1_211' title='bbox 152 3016 318 3079; x_wconf 91' lang='lat' dir='ltr'>consilium</span> <span class='ocrx_word' id='word_1_212' title='bbox 343 3019 465 3080; x_wconf 88' lang='lat' dir='ltr'>certum</span> <span class='ocrx_word' id='word_1_213' title='bbox 488 3022 604 3098; x_wconf 91' lang='lat' dir='ltr'>poetae</span> <span class='ocrx_word' id='word_1_214' title='bbox 626 3015 735 3098; x_wconf 89' lang='lat' dir='ltr'>fuisse,</span> <span class='ocrx_word' id='word_1_215' title='bbox 760 3037 823 3083; x_wconf 92' lang='lat' dir='ltr'>non</span> <span class='ocrx_word' id='word_1_216' title='bbox 847 3019 940 3084; x_wconf 90' lang='lat' dir='ltr'>modo</span> <span class='ocrx_word' id='word_1_217' title='bbox 958 3020 1041 3100; x_wconf 92' lang='lat' dir='ltr'>quod</span> <span class='ocrx_word' id='word_1_218' title='bbox 1058 3020 1092 3084; x_wconf 91' lang='lat' dir='ltr'>in</span> <span class='ocrx_word' id='word_1_219' title='bbox 1107 3018 1213 3082; x_wconf 93' lang='lat' dir='ltr'>media</span> <span class='ocrx_word' id='word_1_220' title='bbox 1229 3021 1324 3098; x_wconf 92' lang='lat' dir='ltr'>parte</span> 
     </span>
     <span class='ocr_line' id='line_1_28' title="bbox 152 3122 1321 3206; baseline 0.001 -20"><span class='ocrx_word' id='word_1_221' title='bbox 152 3122 232 3186; x_wconf 89' lang='lat' dir='ltr'>varii</span> <span class='ocrx_word' id='word_1_222' title='bbox 249 3123 424 3204; x_wconf 89' lang='lat' dir='ltr'>scriptores</span> <span class='ocrx_word' id='word_1_223' title='bbox 440 3125 616 3190; x_wconf 91' lang='lat' dir='ltr'>miscentur</span> <span class='ocrx_word' id='word_1_224' title='bbox 632 3125 821 3206; x_wconf 83' lang='lat' dir='ltr'>explicatur,</span> <span class='ocrx_word' id='word_1_225' title='bbox 847 3126 905 3190; x_wconf 89' lang='lat' dir='ltr'>sed</span> <span class='ocrx_word' id='word_1_226' title='bbox 922 3126 1049 3191; x_wconf 93' lang='lat' dir='ltr'>omnino</span> <span class='ocrx_word' id='word_1_227' title='bbox 1066 3126 1167 3190; x_wconf 88' lang='lat' dir='ltr'>multo</span> <span class='ocrx_word' id='word_1_228' title='bbox 1192 3123 1321 3202; x_wconf 89' lang='lat' dir='ltr'>certius,</span> 
     </span>
     <span class='ocr_line' id='line_1_29' title="bbox 153 3227 1324 3312; baseline 0.004 -21"><span class='ocrx_word' id='word_1_229' title='bbox 153 3227 237 3309; x_wconf 87' lang='lat' dir='ltr'>quod</span> <span class='ocrx_word' id='word_1_230' title='bbox 259 3247 318 3309; x_wconf 93' lang='lat' dir='ltr'>per</span> <span class='ocrx_word' id='word_1_231' title='bbox 347 3247 381 3294; x_wconf 92' lang='lat' dir='ltr'>se</span> <span class='ocrx_word' id='word_1_232' title='bbox 405 3236 457 3295; x_wconf 91' lang='lat' dir='ltr'>sat</span> <span class='ocrx_word' id='word_1_233' title='bbox 481 3237 602 3296; x_wconf 90' lang='lat' dir='ltr'>certum</span> <span class='ocrx_word' id='word_1_234' title='bbox 627 3249 698 3296; x_wconf 87' lang='lat' dir='ltr'>esse</span> <span class='ocrx_word' id='word_1_235' title='bbox 718 3231 855 3312; x_wconf 84' lang='lat' dir='ltr'>videtur,</span> <span class='ocrx_word' id='word_1_236' title='bbox 881 3231 1027 3298; x_wconf 90' lang='lat' dir='ltr'>firmatur</span> <span class='ocrx_word' id='word_1_237' title='bbox 1052 3233 1091 3298; x_wconf 90' lang='lat' dir='ltr'>de</span> <span class='ocrx_word' id='word_1_238' title='bbox 1114 3230 1178 3297; x_wconf 90' lang='lat' dir='ltr'>fide</span> <span class='ocrx_word' id='word_1_239' title='bbox 1201 3231 1324 3296; x_wconf 89' lang='lat' dir='ltr'>ordinis</span> 
     </span>
     <span class='ocr_line' id='line_1_30' title="bbox 152 3335 1404 3421; baseline 0.003 -24"><span class='ocrx_word' id='word_1_240' title='bbox 152 3352 215 3399; x_wconf 93' lang='lat' dir='ltr'>non</span> <span class='ocrx_word' id='word_1_241' title='bbox 240 3335 450 3402; x_wconf 90' lang='lat' dir='ltr'>dubitandum</span> <span class='ocrx_word' id='word_1_242' title='bbox 487 3357 566 3403; x_wconf 87' lang='lat' dir='ltr'>esse.</span> <span class='ocrx_word' id='word_1_243' title='bbox 621 3337 690 3415; x_wconf 81' lang='lat' dir='ltr'>Qua</span> <span class='ocrx_word' id='word_1_244' title='bbox 726 3338 854 3420; x_wconf 88' lang='lat' dir='ltr'>quidem</span> <span class='ocrx_word' id='word_1_245' title='bbox 891 3341 1078 3421; x_wconf 90' lang='lat' dir='ltr'>quaestione</span> <span class='ocrx_word' id='word_1_246' title='bbox 1114 3358 1173 3421; x_wconf 87' lang='lat' dir='ltr'>per</span> <span class='ocrx_word' id='word_1_247' title='bbox 1201 3357 1237 3404; x_wconf 88' lang='lat' dir='ltr'>se</span> <span class='ocrx_word' id='word_1_248' title='bbox 1260 3335 1326 3402; x_wconf 84' lang='lat' dir='ltr'>ior·</span> <span class='ocrx_word' id='word_1_249' title='bbox 1402 3413 1404 3416; x_wconf 9' lang='grc' dir='ltr'><em>Α</em></span> 
     </span>
     <span class='ocr_line' id='line_1_31' title="bbox 153 3444 1325 3526; baseline 0.001 -19"><span class='ocrx_word' id='word_1_250' title='bbox 153 3448 241 3509; x_wconf 89' lang='lat' dir='ltr'>tasse</span> <span class='ocrx_word' id='word_1_251' title='bbox 264 3464 327 3510; x_wconf 93' lang='lat' dir='ltr'>non</span> <span class='ocrx_word' id='word_1_252' title='bbox 352 3444 460 3509; x_wconf 90' lang='lat' dir='ltr'>inutili</span> <span class='ocrx_word' id='word_1_253' title='bbox 483 3445 683 3510; x_wconf 88' lang='lat' dir='ltr'>universiore</span> <span class='ocrx_word' id='word_1_254' title='bbox 707 3445 740 3510; x_wconf 94' lang='lat' dir='ltr'>id</span> <span class='ocrx_word' id='word_1_255' title='bbox 764 3446 849 3526; x_wconf 89' lang='lat' dir='ltr'>quod</span> <span class='ocrx_word' id='word_1_256' title='bbox 865 3446 950 3511; x_wconf 90' lang='lat' dir='ltr'>volui</span> <span class='ocrx_word' id='word_1_257' title='bbox 973 3446 1053 3511; x_wconf 91' lang='lat' dir='ltr'>mihi</span> <span class='ocrx_word' id='word_1_258' title='bbox 1068 3446 1180 3512; x_wconf 89' lang='lat' dir='ltr'>videor</span> <span class='ocrx_word' id='word_1_259' title='bbox 1195 3445 1325 3509; x_wconf 92' lang='lat' dir='ltr'>demon-</span> 
     </span>
     <span class='ocr_line' id='line_1_32' title="bbox 153 3551 1325 3634; baseline 0 -19"><span class='ocrx_word' id='word_1_260' title='bbox 153 3555 286 3632; x_wconf 88' lang='lat' dir='ltr'>strasse,</span> <span class='ocrx_word' id='word_1_261' title='bbox 313 3571 370 3616; x_wconf 93' lang='lat' dir='ltr'>suo</span> <span class='ocrx_word' id='word_1_262' title='bbox 394 3551 464 3616; x_wconf 90' lang='lat' dir='ltr'>loco</span> <span class='ocrx_word' id='word_1_263' title='bbox 481 3552 621 3633; x_wconf 90' lang='lat' dir='ltr'>positum</span> <span class='ocrx_word' id='word_1_264' title='bbox 647 3570 684 3616; x_wconf 90' lang='lat' dir='ltr'>ac</span> <span class='ocrx_word' id='word_1_265' title='bbox 701 3552 792 3617; x_wconf 87' lang='lat' dir='ltr'>diviti</span> <span class='ocrx_word' id='word_1_266' title='bbox 808 3552 1013 3617; x_wconf 87' lang='lat' dir='ltr'>tribuendum</span> <span class='ocrx_word' id='word_1_267' title='bbox 1038 3571 1109 3618; x_wconf 91' lang='lat' dir='ltr'>esse</span> <span class='ocrx_word' id='word_1_268' title='bbox 1126 3552 1325 3634; x_wconf 89' lang='lat' dir='ltr'>epigramma</span> 
     </span>
     <span class='ocr_line' id='line_1_33' title="bbox 157 3658 760 3740; baseline 0.003 -18"><span class='ocrx_word' id='word_1_269' title='bbox 157 3659 218 3722; x_wconf 89' lang='grc'>193</span> <span class='ocrx_word' id='word_1_270' title='bbox 244 3659 327 3740; x_wconf 94' lang='lat' dir='ltr'>quod</span> <span class='ocrx_word' id='word_1_271' title='bbox 351 3658 538 3723; x_wconf 86' lang='lat' dir='ltr'>inscribitur</span> <span class='ocrx_word' id='word_1_272' title='bbox 563 3659 760 3734; x_wconf 55' lang='lat' dir='ltr'>„Tomara</span> 
     </span>
    </p>
   </div>
   <div class='ocr_carea' id='block_1_8' title="bbox 585 3962 892 3971">
    <p class='ocr_par' dir='ltr' id='par_1_8' title="bbox 585 3962 892 3971">
     <span class='ocr_line' id='line_1_34' title="bbox 585 3962 892 3971; baseline 0 0"><span class='ocrx_word' id='word_1_273' title='bbox 585 3962 892 3971; x_wconf 77' lang='lat'>——-—-—.—....-.-.--</span> 
     </span>
    </p>
   </div>
   <div class='ocr_carea' id='block_1_9' title="bbox 0 0 1486 4890">
    <p class='ocr_par' dir='ltr' id='par_1_9' title="bbox 0 0 1486 4890">
     <span class='ocr_line' id='line_1_35' title="bbox 0 0 1486 4890; baseline 0 0"><span class='ocrx_word' id='word_1_274' title='bbox 0 0 1486 4890; x_wconf 95' lang='lat' dir='ltr'> </span> 
     </span>
    </p>
   </div>
  </div>
 </body>
</html>
