2940 4890
172 250 211 311 12

173 425 236 492 Sed
260 426 301 491 ad
324 425 505 509 principem
530 430 662 491 senatus
687 425 836 490 Ovidium
858 426 889 492 h.
908 427 929 492 l.
947 427 1129 509 respexisse
1153 447 1212 493 nec
1234 448 1293 511 per
1308 448 1343 494 se

169 532 344 599 verisimile
369 536 420 597 est
443 536 476 597 et
499 551 570 597 cum
594 550 613 596 a
638 534 869 599 consuetudine
893 553 989 616 quam
1013 534 1085 599 aliis
1109 536 1205 601 buius
1222 536 1342 617 episto·

75 629 77 633 ’
169 639 231 720 lae,
256 644 293 704 ut
316 639 363 703 ita
379 639 492 720 dicam,
511 639 552 704 ad
568 640 748 720 Augustum
765 641 883 706 missae
899 641 979 707 locis
995 646 1105 707 servat
1124 641 1177 724 (cf.
1194 662 1242 707 vv.
1267 645 1340 723 128,

173 747 246 825 133,
265 747 339 825 219,
359 747 434 826 242,
454 747 532 830 509)
556 750 625 810 tum
649 746 690 811 ab
715 747 816 828 ipsius
839 746 901 812 loci
918 747 959 831 (v.
977 748 998 812 i.
1016 768 1048 830 p.
1067 751 1106 812 21
1125 746 1209 832 sqq.)
1226 754 1339 815 tenore

168 870 302 935 prorsus
327 852 495 932 abhorret;
520 853 648 934 iamque
671 853 849 918 videbimus
874 872 938 934 eos,
963 855 1018 936 qui
1041 858 1149 919 tamen
1165 854 1205 918 ad
1222 873 1341 919 annum

170 955 293 1043 tactas
306 958 366 1024 has
382 978 476 1025 voces
493 959 688 1034 referebant,
706 961 740 1025 id
756 961 977 1026 tantummodo
994 961 1133 1026 movisse
1149 965 1187 1025 ut
1200 961 1340 1027 incertas

170 1085 305 1148 quarum
329 1066 508 1147 periculum
532 1066 676 1132 fecerant
700 1066 901 1133 coniecturas
925 1068 966 1132 ad
982 1079 1072 1132 notus
1088 1079 1154 1132 eret
1178 1067 1341 1150 pertinen·

170 1179 220 1239 tes
244 1173 351 1255 specie
374 1174 614 1254 probabilitatis
640 1173 831 1239 stabilirent.
1301 1183 1304 1188 ’

259 1278 391 1345 Ovidius
420 1286 528 1345 autem
557 1299 628 1345 eum
657 1280 738 1346 haec
766 1279 924 1345 scriberet
950 1284 988 1344 ut
1015 1281 1056 1346 ad
1080 1279 1199 1345 Tibulli
1221 1279 1340 1346 librum

169 1385 308 1467 primum
332 1386 453 1452 editum
476 1386 524 1451 ita
548 1387 589 1452 ad
612 1386 751 1468 Augusti
767 1385 993 1468 principatum,
1016 1391 1054 1451 ut
1069 1386 1139 1468 ipse
1156 1387 1228 1452 aliis
1245 1386 1339 1453 huius

169 1491 322 1557 Tristium
345 1492 422 1557 libri
445 1492 524 1557 locis
549 1491 668 1575 aliique
692 1492 778 1558 illius
803 1493 920 1558 aetatis
945 1491 1121 1574 scriptores
1138 1493 1337 1574 saepissime,

168 1599 188 1663 i.
208 1617 234 1664 e.
261 1616 288 1661 a.
306 1599 429 1682 latrat
451 1598 618 1681 spectavit,
641 1618 703 1680 quo
721 1598 762 1679 (a.
777 1599 807 1663 d.
820 1599 921 1664 XVII.
940 1597 1007 1664 Cal.
1020 1599 1128 1677 Febr.)
1145 1599 1339 1666 Octavianus

168 1705 296 1770 nomine
324 1704 492 1788 Augusti¹)
521 1704 705 1786 appellatus
735 1709 794 1769 est.
842 1703 905 1770 Sed
933 1706 1046 1788 negari
1073 1726 1138 1771 non
1162 1710 1284 1788 potest,
1311 1707 1338 1771 si

169 1813 216 1877 ita
244 1831 312 1876 rem
335 1811 559 1893 intelligimus,
589 1809 797 1878 difficultates
826 1813 980 1892 quasdam
1004 1817 1139 1879 restare.
1179 1814 1261 1878 Nam
1285 1814 1341 1895 qui

168 1917 288 1983 factum
313 1922 362 1984 est
385 1923 422 1983 ut
445 1918 590 1984 Tibullus
615 1938 643 1983 a.
663 1915 784 2003 talla?
811 1917 924 2000 (mens.
949 1919 1119 2003 Ianuar.)
1144 1921 1208 1985 iam
1233 1919 1339 1985 clarus

169 2029 256 2091 esset
279 2025 299 2088 i.
317 2043 345 2089 e.
371 2025 525 2106 opuscula
548 2025 705 2107 quaedam
730 2030 846 2106 poetae
871 2026 904 2090 in
929 2026 1032 2091 lucem
1048 2028 1242 2107 prodissent,
1269 2046 1339 2091 cum

169 2152 209 2197 ne
232 2132 355 2214 primus
379 2132 508 2215 quidem
532 2133 707 2214 elegiarum
731 2131 823 2213 liber,
848 2133 965 2197 nedum
989 2133 1157 2212 secundus,
1183 2136 1250 2197 tum
1267 2151 1340 2198 uon·

169 2238 271 2305 fectus
293 2244 387 2321 esset,
413 2259 483 2306 cum
500 2258 628 2305 carmen
653 2239 823 2320 septimum
840 2244 1019 2304 autumno
1042 2238 1138 2303 huius
1155 2240 1231 2303 anni
1256 2259 1340 2305 com-

168 2349 364 2429 poneretur?
402 2347 470 2411 Iam
498 2347 598 2429 igitur
628 2345 746 2412 dixerit
775 2345 857 2427 quis,
887 2351 943 2410 aut
967 2347 1007 2410 de
1030 2346 1137 2413 verbis
1161 2359 1251 2412 notos
1275 2359 1340 2412 orat

169 2454 265 2519 aliter
293 2472 331 2519 ac
358 2472 416 2519 uos
444 2454 670 2536 proposuimus
699 2453 905 2518 iudicandum
933 2472 1004 2520 esse
1033 2460 1088 2521 aut
1117 2457 1156 2522 de
1184 2456 1340 2537 temporis

170 2561 301 2626 notione
324 2579 407 2643 quae
431 2561 517 2626 inest
539 2561 573 2624 in
596 2573 623 2625 to
641 2561 800 2647 principe.

259 2667 320 2735 Sed
344 2669 531 2750 priusquam
547 2668 609 2748 ipsi
625 2666 684 2731 has
700 2686 783 2749 quae
797 2668 947 2732 videntur
962 2687 1025 2734 non
1043 2674 1118 2734 sunt
1134 2668 1340 2735 difficultates

169 2776 339 2855 solvamus
364 2776 428 2840 iam
445 2775 662 2857 quaerendum
681 2778 739 2854 est,
764 2775 932 2856 numquid
952 2774 1035 2840 recti
1052 2775 1082 2838 ei
1098 2776 1152 2855 qui
1169 2789 1258 2839 notos
1274 2791 1340 2841 oret

167 2882 249 2946 nihil
282 2882 371 2948 aliud
403 2880 586 2964 significare
618 2880 730 2946 volunt
758 2880 975 2946 Baehrensius
1009 2886 1041 2946 et
1068 2880 1251 2948 Hankelius
1278 2884 1341 2948 viri

169 2990 347 3057 doctissimi
371 3009 467 3072 quam
490 2991 623 3053 innocent
647 2993 680 3055 et
703 2988 819 3054 referri
842 2988 955 3053 iubent
978 2989 1019 3053 ad
1043 2988 1221 3071 singulas2)
1245 3010 1340 3072 quas-

168 3100 242 3164 dam
274 3098 350 3163 libri
381 3097 478 3178 primi
512 3096 647 3178 elegias,
683 3114 763 3177 quas
797 3114 942 3162 seorsum
976 3097 1149 3179 opinantur
1181 3097 1340 3163 Tibullum

240 3383 261 3452 1)
280 3382 342 3450 Ipse
361 3381 447 3435 tradit
466 3380 607 3449 Augustus
630 3381 683 3433 ita:
709 3395 762 3449 quo
786 3395 836 3448 pro
860 3378 958 3431 merito
982 3394 1041 3431 meo
1067 3378 1190 3448 senatu[s
1215 3379 1339 3432 consulto

169 3472 238 3540 Aug.
253 3470 418 3541 appe]llatus
438 3486 509 3533 sum;
529 3471 602 3540 quod
614 3470 773 3523 restitutum
786 3471 828 3522 est
841 3484 873 3521 ex
887 3467 992 3521 Graeca
1004 3467 1128 3521 versione
1141 3467 1197 3522 fere
1217 3470 1337 3536 integra:

168 3565 195 3622 ἐξ
212 3555 240 3627 ἧς
264 3564 349 3622 αἰτίας
372 3560 489 3631 δόγματι
512 3559 652 3625 dornitiaco
674 3556 808 3628 Σεβαστός
824 3559 828 3623 Ι
844 3553 1090 3628 προςῘηγορε1ιὲθην.
1110 3555 1143 3612 ei
1163 3558 1181 3613 l.
1199 3558 1217 3614 l
1235 3558 1284 3625 VI,
1307 3559 1338 3612 16

169 3667 195 3720 p.
210 3649 379 3704 LXXXXIV
398 3652 426 3702 et
445 3646 607 3716 LXXXXV,
626 3665 652 3716 p.
670 3649 817 3701 144-149.

240 3737 264 3806 2)
281 3737 331 3791 His
349 3736 416 3790 viris
435 3737 543 3791 acutius
561 3753 649 3805 neque
668 3739 759 3790 tamen
777 3737 852 3789 reete
871 3733 937 3787 olim
956 3733 1146 3788 Lachmannus
1160 3731 1221 3802 (1.1.
1235 3748 1260 3801 p.
1275 3732 1340 3808 154)

170 3830 325 3883 censuerat:
352 3828 428 3879 durch
450 3827 621 3878 Recitationeu
644 3826 696 3876 und
718 3825 822 3875 einzelne
844 3825 1000 3894 Abscdrr'ften
1024 3823 1120 3874 werden
1142 3822 1215 3875 aedon
1240 3821 1340 3871 monade

168 3920 272 3985 Elepien
296 3917 389 3969 Tibullo
406 3918 452 3968 seit
470 3915 521 3966 725
541 3915 644 3969 bekannt
666 3914 794 3980 geworden
819 3915 879 3964 sein.
921 3912 978 3964 Nur
995 3915 1055 3963 aber
1073 3911 1135 3962 acted
1154 3911 1220 3961 nicht
1233 3910 1339 3975 sriiber:

169 4009 236 4072 „ium
260 4017 282 4057 te
302 4007 416 4073 principe
439 4015 509 4056 notus
533 4009 602 4057 erat“
625 4015 681 4070 sapt
701 4003 773 4055 ovid.
795 4001 920 4069 Troall,
933 4001 993 4055 464.
1014 4029 1048 4040 ·-
1067 3999 1162 4051 Eidem
1186 3997 1338 4052 sententiae

168 4100 260 4150 tamen
283 4111 371 4164 nuper
394 4093 578 4163 adstipulatur
599 4092 745 4146 Reischius
769 4092 812 4144 vir
835 4090 1017 4153 doctissimus,
1035 4087 1146 4142 Wiener
1165 4086 1279 4141 Studien
1298 4085 1339 4139 IX

169 4185 261 4255 nasu
279 4202 304 4254 p.
321 4185 380 4239 no.
