2940 4890
148 218 191 280 54

150 414 244 476 quam
269 394 362 458 multi
385 393 480 457 bodie
504 392 611 457 varios
635 392 810 473 scriptores
826 389 887 456 bac
902 390 1029 456 ratione
1044 394 1185 454 tractare
1203 390 1318 473 solent,

148 522 187 567 ex
211 519 249 566 eo
273 502 315 566 ad
337 500 493 565 librorum
509 498 604 565 unius
620 497 825 578 eiusdemque
841 500 958 577 poetae
974 500 1122 577 tempora
1138 494 1321 564 definienda

150 608 273 691 aliquid
306 606 456 689 colligere
482 642 522 650 —
552 604 744 686 praesertim
773 600 900 667 Tibulli.
959 600 1087 665 Etenim
1117 602 1320 669 concedimus

149 715 218 779 cius
242 714 420 794 scriptoris,
447 713 500 794 qui
523 712 659 794 triginta
682 710 734 776 val
758 707 973 792 quadraginta
1001 709 1094 775 annis
1121 710 1173 774 vel
1198 710 1319 776 diutius

148 841 298 904 magnam
322 820 477 885 librorum
502 819 627 900 copiam
653 815 798 897 coniecit,
823 833 942 898 genere
970 814 1097 881 dicendi
1125 835 1184 897 per
1212 817 1321 882 omnia

149 928 271 1009 scripta
296 926 542 1007 diligentissime
566 928 752 1005 comparato
777 939 816 986 ex
831 922 990 988 varietate
1014 942 1097 1004 quae
1120 942 1252 989 necesse
1270 929 1321 991 est

148 1039 199 1100 tot
228 1033 320 1099 annis
348 1032 505 1116 paulatim
532 1033 684 1096 nascatur
712 1028 851 1094 fortasse
885 1029 1007 1111 aliquid
1042 1031 1112 1095 erui
1146 1049 1243 1112 posse
1278 1031 1320 1096 ad

147 1145 295 1221 tempora
319 1159 389 1205 cum
414 1139 521 1221 specie
545 1136 787 1220 probabilitatis
812 1134 1034 1220 definienda¹).
1077 1137 1139 1202 Sed
1155 1142 1225 1203 tum
1241 1157 1319 1220 quo·

148 1266 212 1329 que
235 1246 446 1328 quotcapita
469 1250 519 1310 tot
542 1262 654 1311 sensus
684 1261 754 1310 esse
783 1243 901 1308 solent:
932 1243 1017 1325 quod
1047 1244 1152 1324 ipsum
1180 1246 1320 1326 probare

150 1353 278 1418 videtur
301 1353 361 1417 bas
384 1353 527 1418 rationes
552 1370 622 1417 esse
646 1350 787 1439 lubricas
811 1355 844 1415 ct
860 1367 984 1414 summa
1001 1351 1147 1416 cautione
1165 1351 1320 1417 adhiben-

147 1461 214 1525 das.
269 1459 383 1542 ltaque
413 1459 542 1541 gravius
571 1458 764 1523 monendum
793 1465 851 1537 est,
883 1457 968 1538 quod
997 1459 1028 1521 in
1059 1476 1114 1523 eos
1144 1459 1319 1540 scriptores

148 1585 282 1648 quorum
317 1585 416 1647 opera
450 1563 737 1630 innumerabilibus
767 1562 982 1629 voluminibus
1016 1565 1220 1630 continentur
1256 1566 1319 1631 iam

149 1692 213 1737 non
238 1679 324 1738 certe
349 1673 445 1753 cadit,
469 1671 503 1736 id
527 1671 567 1736 ad
592 1671 752 1735 Tibullum
780 1671 911 1736 minime
939 1672 1108 1752 quadrare.
1157 1672 1218 1750 Qui
1246 1691 1319 1754 per·

147 1798 251 1862 pauca
274 1779 417 1845 scribens
442 1797 513 1844 oum
537 1795 671 1859 poeseos
688 1778 824 1844 Latinae
848 1778 972 1859 copiam
996 1778 1165 1843 verborum
1190 1785 1319 1845 senten-

146 1887 265 1951 tiarum
288 1886 471 1951 ubertatem
495 1886 655 1951 rationum
680 1886 886 1950 metricorum
912 1904 1120 1967 quaecunque
1142 1887 1319 1968 excogitari

147 1996 256 2073 potest
286 1993 477 2058 varietatem
506 1991 593 2057 nullo
622 1993 716 2058 modo
749 1991 966 2074 exhauserit2)
997 1992 1153 2057 minorem
1182 1993 1318 2074 praebet

147 2099 316 2164 materiam
340 2117 403 2181 qua
427 2098 573 2181 quaestio
598 2118 646 2180 ea,
672 2118 754 2180 quae
778 2104 904 2179 spectat
928 2100 970 2164 ad
992 2104 1138 2180 tempora
1162 2099 1318 2165 librorum

148 2205 417 2288 generedicendi
443 2210 627 2286 comparato
652 2206 833 2283 statuenda,
860 2224 930 2269 curn
954 2204 1061 2271 fructu
1084 2207 1217 2271 nitatur.
1255 2206 1316 2273 Ne·

148 2329 209 2393 que
241 2311 432 2376 crediderim
460 2311 487 2376 si
515 2312 549 2375 in
579 2311 702 2377 duobus
727 2312 892 2393 quibusvis
920 2312 1012 2378 libris
1041 2313 1217 2378 verbovel
1246 2333 1317 2380 sen·

147 2416 269 2482 tentiae
290 2417 402 2482 eadem
425 2418 475 2483 vel
500 2418 618 2483 similia
642 2419 771 2500 saepius
794 2419 946 2500 leguntur
970 2438 1065 2500 quam
1090 2420 1122 2484 in
1147 2421 1264 2485 ceteris
1285 2420 1317 2485 id

147 2524 285 2605 probare
298 2524 356 2588 bos
370 2525 450 2590 duos
466 2530 612 2606 tempore
636 2526 739 2592 artius
764 2527 949 2591 coniunctos
972 2525 1072 2592 fuisse
1095 2527 1169 2592 illis.
1209 2528 1316 2608 Velut,

146 2636 182 2696 ut
217 2631 277 2696 hoc
306 2632 444 2712 primum
479 2651 643 2715 moneam,
680 2633 706 2698 si
735 2633 922 2716 Zingerleus
958 2633 1068 2698 dedita
1096 2653 1195 2715 opera
1224 2635 1319 2700 docet

146 2758 207 2805 usu
241 2738 441 2820 quorundam
477 2741 646 2803 verborum
683 2744 715 2804 et
743 2741 976 2805 sententiarum
1006 2741 1127 2823 cyclum
1156 2741 1318 2822 Sulpiciae

145 2844 220 2909 libri
256 2846 353 2926 primi
388 2863 458 2920 esse
488 2845 673 2912 similiorem
704 2866 800 2929 quam
827 2847 959 2912 secundi
988 2847 1040 2932 (cf.
1064 2866 1146 2930 quae
1175 2847 1214 2921 de
1245 2866 1319 2928 pro·

146 2951 332 3016 nominibus
356 2953 498 3038 quisquis
522 2957 555 3016 et
579 2953 750 3039 qaodcunque
773 2955 822 3017 vir·
846 2954 959 3019 doctus
981 2954 1111 3035 collegit
1126 2975 1158 3036 p.
1176 2956 1217 3017 55
1234 2954 1318 3037 sqq)

145 3058 260 3124 hocine
291 3059 411 3140 probat
442 3059 603 3141 Sulpiciae
634 3061 756 3142 cyclum
786 3065 932 3142 ternpore
960 3080 1087 3143 quoque
1115 3061 1249 3142 propius
1278 3061 1320 3125 ad

146 3165 264 3233 librum
288 3166 426 3246 primurn
452 3168 625 3233 accedere?
678 3166 769 3245 Quod
800 3167 928 3249 quidem
959 3187 997 3232 ex
1021 3187 1058 3233 eo
1083 3168 1161 3232 mibi
1191 3167 1319 3235 videtur

148 3272 371 3353 explicandum
396 3293 466 3339 esse
491 3275 575 3355 quod
600 3274 690 3356 ipsae
706 3274 907 3340 condiciones
925 3293 1008 3356 quae
1024 3276 1057 3339 in
1075 3274 1188 3355 elegiis
1203 3274 1319 3340 Deliae

148 3379 374 3445 describuntur
403 3399 520 3463 magua
550 3400 588 3445 ex
616 3385 710 3462 parte
739 3381 778 3444 ad
814 3381 1057 3447 similitudinem
1093 3401 1204 3447 aarum
1239 3401 1319 3465 quas

146 3485 285 3569 legimus
317 3487 357 3551 in
398 3488 485 3569 cyclo
520 3489 654 3568 propius
688 3486 846 3551 accedunt
879 3506 973 3568 quam
1009 3490 1050 3553 ad
1092 3488 1317 3570 „Nemeseos“.

147 3594 348 3676 Argumenta
376 3612 414 3658 ea
446 3613 528 3675 quae
552 3599 735 3659 tractantur
759 3612 829 3658 oum
853 3594 918 3658 sint
942 3596 1097 3662 similiora
1120 3597 1232 3662 mirari
1255 3618 1318 3663 non

148 3701 301 3766 debemus
333 3702 417 3781 quod
448 3703 487 3766 ad
520 3702 645 3767 dicendi
680 3720 806 3783 quoque
841 3720 944 3782 genus
980 3702 1102 3784 aliquid
1136 3706 1317 3774 valuerunt.

219 3966 241 4033 ¹)
260 3965 384 4019 Platonis
403 3965 573 4032 dialogorum
591 3967 709 4020 memini.

218 4053 240 4119 θ)
262 4055 322 4108 Hoc
349 4072 383 4108 ne
411 4055 440 4108 in
467 4055 583 4122 singulis
612 4055 722 4123 quidem
748 4055 813 4109 libri
841 4058 954 4112 secundi
983 4059 1077 4129 elogiis
1105 4060 1319 4129 interpretandis

149 4144 238 4197 critici
258 4144 324 4196 satis
343 4149 528 4213 respexerunt.
