2940 4890
1276 227 1317 289 85

236 404 324 482 Quae
347 403 427 466 mihi
451 403 578 484 quidem
602 421 665 466 non
689 401 758 467 sine
782 402 920 482 quadam
945 401 1049 466 ironia
1065 403 1215 468 videntur
1239 402 1317 466 dici:

146 509 323 591 bibliopola
346 510 401 591 qui
423 509 534 574 vendit
556 509 657 573 libros
680 526 778 588 meos,
802 509 849 572 ita
871 508 1031 573 Martialis
1055 508 1217 574 Lucanum
1241 507 1320 573 facit

147 617 341 698 loquentem,
372 620 467 697 putat
490 620 619 698 poetam
640 634 690 679 me
713 622 793 696 esse,
819 634 1012 696 quamquam
1035 616 1091 680 alii
1112 616 1271 696 neganti.
1290 634 1317 680 e.

146 724 343 805 bibliopolae
378 741 442 787 non
478 741 517 786 ex
545 722 673 803 ingenio
703 727 872 803 poetarum
901 723 956 803 qui
981 723 1182 804 scripserunt
1206 723 1319 804 quanti

147 832 213 895 sint
229 831 412 909 aestimant,
437 830 494 894 sed
510 847 548 893 ex
564 829 748 894 venditione
765 829 943 910 quaeipsis
960 831 1032 894 usui
1051 834 1110 909 est,
1136 848 1194 893 nec
1211 847 1319 892 curam

146 937 268 1002 habent
284 955 394 1001 eorum
418 936 482 1017 qui,
509 942 541 1000 et
564 940 652 1001 recte
670 935 808 1017 quidem·
823 940 859 999 ut
874 937 1057 1017 peritiores,
1083 945 1203 1018 negant
1220 954 1319 1017 quen·

148 1044 220 1108 dam
243 1048 372 1125 poetam
397 1061 476 1107 esse.
517 1043 729 1125 Pervulgatos
754 1047 861 1108 autem
886 1048 983 1125 atque
1006 1043 1183 1110 vendibiles
1199 1041 1320 1106 Lucani

148 1150 250 1214 libros
285 1153 353 1214 tum
388 1146 488 1214 fuisse
523 1167 562 1214 ex
596 1169 633 1215 eo
662 1148 756 1214 facile
784 1142 977 1231 intelligitur
1006 1149 1091 1230 quod
1115 1168 1135 1213 a
1159 1148 1320 1213 Martialis

148 1262 256 1321 aetate
280 1275 343 1321 non
367 1255 494 1337 longius
519 1256 654 1322 aberant
678 1261 719 1337 et,
749 1274 818 1320 cum
843 1257 877 1320 in
901 1254 1130 1337 discipulorum
1156 1273 1247 1319 usum
1270 1273 1320 1319 re-

149 1363 331 1443 ciperentur
356 1362 471 1444 quibus
493 1380 546 1427 res
571 1382 653 1444 quae
676 1363 708 1425 in
727 1361 896 1427 Pharsalia
919 1367 1093 1428 narrantur
1116 1361 1230 1428 melius
1248 1379 1320 1426 con-

148 1469 321 1533 veniebant
345 1487 441 1550 quam
466 1468 583 1534 Tibulli
609 1469 751 1534 carmina
775 1469 942 1550 amatoria,
973 1469 1136 1551 vigebant,
1162 1487 1232 1533 eum
1256 1466 1320 1532 ele-

149 1576 232 1656 giaci
266 1575 342 1640 libri
377 1577 439 1641 duo
469 1576 524 1657 qui
556 1576 657 1659 epigr.
686 1576 747 1639 193
777 1575 1000 1658 significantur
1028 1577 1144 1640 iterum
1169 1594 1232 1639 non
1256 1575 1319 1638 iam

150 1682 227 1747 editi
256 1689 365 1748 essent
391 1683 528 1763 ideoque
558 1682 623 1746 rari
653 1687 686 1747 et
710 1682 937 1762 pretiosissimi
959 1680 1035 1750 lacti
1051 1679 1103 1766 (cf.
1124 1699 1148 1746 s.
1166 1700 1196 1762 p.
1216 1682 1255 1744 67
1267 1677 1319 1765 1)).

149 1790 273 1870 Vulgo
290 1789 390 1869 igitur
406 1792 498 1870 patet
513 1788 633 1852 Lucani
649 1787 760 1869 libros,
786 1807 855 1853 cum
879 1788 982 1868 magis
1003 1787 1185 1868 pervulgati
1202 1792 1319 1868 essent,

148 1895 250 1976 pluris
267 1895 454 1960 aestimatos
479 1912 549 1959 esse
567 1894 684 1959 Tibulli
702 1894 834 1975 duobus,
860 1913 994 1976 quorum
1012 1894 1105 1976 pauci
1127 1899 1194 1958 tum
1212 1894 1320 1959 viden-

149 2007 202 2066 tur
236 2001 386 2066 notitiam
413 2000 575 2066 habuisse.
629 1999 691 2066 Sed
723 2002 777 2083 qui
800 2001 964 2066 habebant
987 2001 1147 2066 Martialis
1172 2000 1320 2078 Quintili-

149 2126 229 2172 anus
238 2105 263 2191 ²)
299 2107 354 2171 alii
390 2107 569 2190 digniorem
601 2108 665 2190 ipsi
705 2109 906 2189 iudicabant,
946 2127 1040 2190 quam
1075 2113 1111 2173 nt
1146 2108 1320 2188 Lucanum,

150 2233 342 2296 quamquam
380 2214 575 2296 bibliopolae
614 2216 856 2281 vendibiliorem
894 2215 1068 2296 habebant,
1107 2220 1235 2297 poetam
1273 2213 1322 2278 illi

150 2320 361 2403 praeferrent.
419 2321 605 2387 Sententiae
644 2322 745 2402 igitur
779 2323 933 2404 probant,
975 2321 1135 2387 Tibullum
1170 2325 1246 2386 nota
1281 2321 1320 2400 D,

150 2428 362 2494 LucanumP
399 2428 574 2491 notandum
610 2446 689 2493 esse.
748 2428 834 2493 Nihil
864 2434 971 2494 autem
1002 2427 1134 2494 offendit
1161 2428 1247 2511 quod
1272 2428 1323 2491 Ti-

150 2535 257 2601 bullus
281 2534 457 2616 elegiarum
481 2522 619 2615 scriptor
643 2539 676 2599 et
692 2535 840 2600 Lucanus
864 2535 919 2616 qui
942 2554 995 2600 res
1011 2536 1157 2601 versibus
1182 2535 1323 2616 descrip-

151 2642 195 2705 sit
230 2641 320 2704 iuxta
354 2644 530 2722 ponuntur,
567 2641 594 2705 si
622 2641 765 2707 rationes
794 2642 983 2723 respicimus
1012 2662 1095 2724 quae
1119 2642 1324 2707 intercedunt

150 2748 236 2813 inter
271 2748 363 2829 paria
399 2747 608 2812 distichorum
636 2768 687 2812 nn.
710 2750 900 2831 lav-192,
926 2767 1029 2831 neque
1053 2768 1129 2815 vero
1159 2749 1260 2830 quod,
1295 2750 1324 2812 si

152 2855 257 2920 obitus
280 2855 449 2937 utriusque
472 2855 630 2920 rationem
655 2855 821 2940 habemus
846 2857 951 2938 spatio
975 2857 1152 2939 nonaginta
1175 2853 1242 2921 fere
1266 2875 1321 2920 an-

151 2981 265 3027 norum
289 2966 510 3044 segregantur.
558 2961 657 3026 Immo
683 2963 873 3028 coniecerim
889 2963 1072 3028 Martialem
1093 2963 1180 3028 aliud
1197 2981 1323 3045 quoque

152 3069 320 3132 consilium
343 3086 414 3133 esse
438 3072 597 3146 secutum3
624 3068 771 3134 Lucanus
796 3071 889 3151 enim,
916 3089 986 3134 cum
1003 3070 1117 3152 viginti
1141 3088 1196 3134 sex
1221 3087 1321 3133 annos

152 3180 247 3240 natus
272 3175 355 3240 diem
381 3192 566 3256 supremum
590 3175 704 3257 obiret,
729 3177 819 3242 varia
841 3177 905 3242 iam
929 3176 1112 3257 scripserat,
1142 3175 1322 3255 exquibus

152 3281 321 3348 Pharsalia
356 3300 483 3347 carmen
524 3282 663 3363 epicum,
699 3282 741 3347 ad
775 3283 861 3364 quod
903 3281 1086 3347 Martialem
1125 3281 1323 3363 spectavisse

152 3388 326 3454 verisimile
361 3393 423 3470 est,
459 3389 568 3454 decem
596 3388 696 3454 libros
724 3409 789 3454 non
818 3389 865 3454 ita
889 3396 1002 3456 tenues
1027 3389 1194 3455 continens
1217 3392 1321 3453 extat:

154 3501 266 3560 contra
290 3495 450 3574 Tibullus,
486 3497 541 3577 qui
569 3515 762 3578 quamquam
787 3498 946 3572 ,durachim
971 3500 1116 3562 mortuus
1141 3499 1191 3562 est
1214 3495 1324 3560 decem

152 3607 260 3666 tamen
296 3598 363 3664 fere
398 3620 554 3667 annorum
589 3609 697 3670 aetate
733 3603 825 3669 illum
860 3602 1050 3685 superabat,
1080 3612 1244 3683 perpauca
1267 3602 1325 3666 sed

229 3794 328 3860 1)Ηοο
348 3810 509 3865 quamquam
528 3797 608 3847 acute
626 3795 732 3849 iudicat
750 3794 855 3848 Birtius
874 3795 916 3848 vir
938 3793 1158 3862 humanissimus,
1183 3794 1216 3847 de
1240 3794 1324 3862 signi-

153 3884 280 3938 ficatione
299 3886 390 3937 tamen
410 3883 553 3938 verborum
573 3884 725 3950 „bibliopola
740 3889 832 3950 ριιιοιικ
850 3893 905 3937 non
922 3885 999 3936 recte
1018 3883 1136 3936 sensisse
1156 3898 1215 3937 eum
1230 3881 1324 3936 Fried-

153 3971 297 4026 laenderus
317 3972 352 4026 ad
370 3972 397 4029 h.
410 3974 429 4027 l.
442 3977 505 4044 apte
524 3973 644 4029 adnotat.

228 4061 251 4130 2)
270 4060 432 4124 Quintiliani
449 4063 589 4131 iudicimn,
615 4076 778 4132 quamquam
797 4059 891 4130 paucis
912 4061 990 4113 annis
1010 4060 1147 4130 posterius
1166 4060 1227 4128 fuit,
1252 4061 1324 4114 Mar-

154 4151 228 4205 tialis
248 4151 299 4204 hac
319 4152 458 4205 sententia
477 4150 588 4204 ductum
609 4167 668 4205 esse
686 4151 800 4203 nonest
823 4149 896 4219 quod
915 4150 1088 4203 coniciamus.
