<?xml version="1.0" encoding="UTF-8"?>
<!DOCTYPE html PUBLIC "-//W3C//DTD XHTML 1.0 Transitional//EN"
    "http://www.w3.org/TR/xhtml1/DTD/xhtml1-transitional.dtd">
<html xmlns="http://www.w3.org/1999/xhtml" xml:lang="en" lang="en">
 <head>
  <title>
</title>
<meta http-equiv="Content-Type" content="text/html;charset=utf-8" />
  <meta name='ocr-system' content='tesseract 3.04.00' />
  <meta name='ocr-capabilities' content='ocr_page ocr_carea ocr_par ocr_line ocrx_word'/>
</head>
<body>
  <div class='ocr_page' id='page_1' title='image "./studiatibullian00ullrgoog_0025.png"; bbox 0 0 2940 4890; ppageno 0'>
   <div class='ocr_carea' id='block_1_1' title="bbox 230 255 272 326">
    <p class='ocr_par' dir='ltr' id='par_1_1' title="bbox 230 255 272 326">
     <span class='ocr_line' id='line_1_1' title="bbox 230 255 272 326; baseline 0.024 -1"><span class='ocrx_word' id='word_1_1' title='bbox 230 255 272 326; x_wconf 82' lang='lat'>20</span> 
     </span>
    </p>
   </div>
   <div class='ocr_carea' id='block_1_2' title="bbox 227 421 1404 3306">
    <p class='ocr_par' dir='ltr' id='par_1_2' title="bbox 227 421 1404 3306">
     <span class='ocr_line' id='line_1_2' title="bbox 229 421 1400 520; baseline 0.002 -20"><span class='ocrx_word' id='word_1_2' title='bbox 229 455 257 503; x_wconf 91' lang='lat' dir='ltr'>a.</span> <span class='ocrx_word' id='word_1_3' title='bbox 275 433 398 520; x_wconf 85' lang='grc'>726128</span> <span class='ocrx_word' id='word_1_4' title='bbox 422 437 606 519; x_wconf 84' lang='lat' dir='ltr'><strong>scriptam</strong></span> <span class='ocrx_word' id='word_1_5' title='bbox 635 437 707 503; x_wconf 86' lang='lat' dir='ltr'>esse</span> <span class='ocrx_word' id='word_1_6' title='bbox 729 426 822 502; x_wconf 91' lang='lat' dir='ltr'>nemo</span> <span class='ocrx_word' id='word_1_7' title='bbox 848 437 976 519; x_wconf 91' lang='lat' dir='ltr'>estqui</span> <span class='ocrx_word' id='word_1_8' title='bbox 1004 421 1102 519; x_wconf 83' lang='lat' dir='ltr'>neget</span> <span class='ocrx_word' id='word_1_9' title='bbox 1131 437 1257 520; x_wconf 87' lang='lat' dir='ltr'>utique;</span> <span class='ocrx_word' id='word_1_10' title='bbox 1288 458 1400 520; x_wconf 91' lang='lat' dir='ltr'>quam-</span> 
     </span>
     <span class='ocr_line' id='line_1_3' title="bbox 229 541 1402 626; baseline 0.003 -18"><span class='ocrx_word' id='word_1_11' title='bbox 229 562 324 626; x_wconf 93' lang='lat' dir='ltr'>quam</span> <span class='ocrx_word' id='word_1_12' title='bbox 347 562 389 608; x_wconf 92' lang='lat' dir='ltr'>ne</span> <span class='ocrx_word' id='word_1_13' title='bbox 413 544 560 610; x_wconf 88' lang='lat' dir='ltr'>iuvamur</span> <span class='ocrx_word' id='word_1_14' title='bbox 583 546 712 626; x_wconf 87' lang='lat' dir='ltr'>quidem</span> <span class='ocrx_word' id='word_1_15' title='bbox 735 544 882 609; x_wconf 86' lang='lat' dir='ltr'>versibus</span> <span class='ocrx_word' id='word_1_16' title='bbox 900 541 1004 608; x_wconf 89' lang='lat' dir='ltr'>Ovidii</span> <span class='ocrx_word' id='word_1_17' title='bbox 1028 543 1076 607; x_wconf 88' lang='lat' dir='ltr'>ita</span> <span class='ocrx_word' id='word_1_18' title='bbox 1099 548 1136 608; x_wconf 89' lang='lat' dir='ltr'>ut</span> <span class='ocrx_word' id='word_1_19' title='bbox 1157 544 1219 609; x_wconf 94' lang='lat' dir='ltr'>boc</span> <span class='ocrx_word' id='word_1_20' title='bbox 1243 564 1402 626; x_wconf 93' lang='lat' dir='ltr'>ponamus</span> 
     </span>
     <span class='ocr_line' id='line_1_4' title="bbox 230 647 1401 736; baseline 0.002 -22"><span class='ocrx_word' id='word_1_21' title='bbox 230 651 364 732; x_wconf 86' lang='lat' dir='ltr'>ipsaque</span> <span class='ocrx_word' id='word_1_22' title='bbox 388 651 482 731; x_wconf 89' lang='lat' dir='ltr'>ratio,</span> <span class='ocrx_word' id='word_1_23' title='bbox 509 669 579 715; x_wconf 96' lang='lat' dir='ltr'>cum</span> <span class='ocrx_word' id='word_1_24' title='bbox 604 670 647 716; x_wconf 89' lang='lat' dir='ltr'>cc.</span> <span class='ocrx_word' id='word_1_25' title='bbox 672 651 779 716; x_wconf 83' lang='grc'>11111</span> <span class='ocrx_word' id='word_1_26' title='bbox 797 650 840 714; x_wconf 95' lang='lat' dir='ltr'>VI</span> <span class='ocrx_word' id='word_1_27' title='bbox 857 651 943 714; x_wconf 91' lang='lat' dir='ltr'>inter</span> <span class='ocrx_word' id='word_1_28' title='bbox 966 667 1066 715; x_wconf 89' lang='lat' dir='ltr'>annos</span> <span class='ocrx_word' id='word_1_29' title='bbox 1084 647 1208 736; x_wconf 82' lang='grc'>724130</span> <span class='ocrx_word' id='word_1_30' title='bbox 1226 656 1259 717; x_wconf 90' lang='lat' dir='ltr'>et</span> <span class='ocrx_word' id='word_1_31' title='bbox 1276 649 1401 736; x_wconf 93' lang='grc'>727127</span> 
     </span>
     <span class='ocr_line' id='line_1_5' title="bbox 230 757 1402 841; baseline 0.001 -18"><span class='ocrx_word' id='word_1_32' title='bbox 230 761 357 823; x_wconf 89' lang='lat' dir='ltr'>constet</span> <span class='ocrx_word' id='word_1_33' title='bbox 373 759 551 840; x_wconf 89' lang='lat' dir='ltr'>composita</span> <span class='ocrx_word' id='word_1_34' title='bbox 567 777 648 841; x_wconf 91' lang='lat' dir='ltr'>csse,</span> <span class='ocrx_word' id='word_1_35' title='bbox 666 758 760 824; x_wconf 87' lang='lat' dir='ltr'>docet</span> <span class='ocrx_word' id='word_1_36' title='bbox 776 775 905 822; x_wconf 89' lang='lat' dir='ltr'>carmen</span> <span class='ocrx_word' id='word_1_37' title='bbox 917 757 971 837; x_wconf 90' lang='lat' dir='ltr'>VI,</span> <span class='ocrx_word' id='word_1_38' title='bbox 985 757 1105 839; x_wconf 82' lang='lat' dir='ltr'>quippe</span> <span class='ocrx_word' id='word_1_39' title='bbox 1122 760 1208 840; x_wconf 91' lang='lat' dir='ltr'>quod</span> <span class='ocrx_word' id='word_1_40' title='bbox 1225 763 1402 824; x_wconf 87' lang='lat' dir='ltr'>extremum</span> 
     </span>
     <span class='ocr_line' id='line_1_6' title="bbox 228 863 1401 948; baseline 0.003 -19"><span class='ocrx_word' id='word_1_41' title='bbox 228 865 334 930; x_wconf 93' lang='lat' dir='ltr'>locum</span> <span class='ocrx_word' id='word_1_42' title='bbox 351 865 505 946; x_wconf 87' lang='lat' dir='ltr'>obtineat,</span> <span class='ocrx_word' id='word_1_43' title='bbox 523 885 585 930; x_wconf 91' lang='lat' dir='ltr'>non</span> <span class='ocrx_word' id='word_1_44' title='bbox 602 866 703 931; x_wconf 90' lang='lat' dir='ltr'>multo</span> <span class='ocrx_word' id='word_1_45' title='bbox 722 871 797 930; x_wconf 91' lang='lat' dir='ltr'>ante</span> <span class='ocrx_word' id='word_1_46' title='bbox 813 865 874 931; x_wconf 90' lang='lat' dir='ltr'>VH</span> <span class='ocrx_word' id='word_1_47' title='bbox 891 863 941 948; x_wconf 85' lang='lat' dir='ltr'>(cf.</span> <span class='ocrx_word' id='word_1_48' title='bbox 958 884 988 946; x_wconf 89' lang='lat' dir='ltr'>p.</span> <span class='ocrx_word' id='word_1_49' title='bbox 1009 867 1050 928; x_wconf 82' lang='grc'>25</span> <span class='ocrx_word' id='word_1_50' title='bbox 1069 867 1128 948; x_wconf 85' lang='lat' dir='ltr'>sq.)</span> <span class='ocrx_word' id='word_1_51' title='bbox 1147 867 1301 948; x_wconf 91' lang='lat' dir='ltr'>scriptum</span> <span class='ocrx_word' id='word_1_52' title='bbox 1318 885 1401 932; x_wconf 89' lang='lat' dir='ltr'>esse.</span> 
     </span>
     <span class='ocr_line' id='line_1_7' title="bbox 230 971 1403 1054; baseline 0.003 -17"><span class='ocrx_word' id='word_1_53' title='bbox 230 971 293 1038; x_wconf 86' lang='lat' dir='ltr'>Sed</span> <span class='ocrx_word' id='word_1_54' title='bbox 316 976 425 1037; x_wconf 89' lang='lat' dir='ltr'>tamen</span> <span class='ocrx_word' id='word_1_55' title='bbox 449 973 555 1037; x_wconf 86' lang='lat' dir='ltr'>edita</span> <span class='ocrx_word' id='word_1_56' title='bbox 579 976 630 1037; x_wconf 88' lang='lat' dir='ltr'>est</span> <span class='ocrx_word' id='word_1_57' title='bbox 652 972 732 1037; x_wconf 90' lang='lat' dir='ltr'>haec</span> <span class='ocrx_word' id='word_1_58' title='bbox 757 971 861 1053; x_wconf 83' lang='lat' dir='ltr'>elegia</span> <span class='ocrx_word' id='word_1_59' title='bbox 885 989 943 1036; x_wconf 91' lang='lat' dir='ltr'>nec</span> <span class='ocrx_word' id='word_1_60' title='bbox 959 971 1028 1036; x_wconf 88' lang='lat' dir='ltr'>sola</span> <span class='ocrx_word' id='word_1_61' title='bbox 1045 990 1102 1038; x_wconf 92' lang='lat' dir='ltr'>nec</span> <span class='ocrx_word' id='word_1_62' title='bbox 1120 973 1310 1054; x_wconf 89' lang='lat' dir='ltr'>quibusdam</span> <span class='ocrx_word' id='word_1_63' title='bbox 1328 974 1403 1041; x_wconf 90' lang='lat' dir='ltr'>aliis</span> 
     </span>
     <span class='ocr_line' id='line_1_8' title="bbox 229 1073 1401 1161; baseline 0.001 -16"><span class='ocrx_word' id='word_1_64' title='bbox 229 1081 388 1146; x_wconf 88' lang='lat' dir='ltr'>adiunctis</span> <span class='ocrx_word' id='word_1_65' title='bbox 413 1081 470 1146; x_wconf 92' lang='lat' dir='ltr'>sed</span> <span class='ocrx_word' id='word_1_66' title='bbox 493 1098 558 1143; x_wconf 90' lang='lat' dir='ltr'>una</span> <span class='ocrx_word' id='word_1_67' title='bbox 583 1099 653 1145; x_wconf 92' lang='lat' dir='ltr'>cum</span> <span class='ocrx_word' id='word_1_68' title='bbox 679 1078 825 1143; x_wconf 89' lang='lat' dir='ltr'>omnibus</span> <span class='ocrx_word' id='word_1_69' title='bbox 850 1096 933 1161; x_wconf 88' lang='lat' dir='ltr'>quae</span> <span class='ocrx_word' id='word_1_70' title='bbox 957 1079 1017 1144; x_wconf 90' lang='lat' dir='ltr'>hoc</span> <span class='ocrx_word' id='word_1_71' title='bbox 1040 1079 1123 1144; x_wconf 93' lang='lat' dir='ltr'>libro</span> <span class='ocrx_word' id='word_1_72' title='bbox 1148 1073 1354 1146; x_wconf 88' lang='lat' dir='ltr'>continentur</span> <span class='ocrx_word' id='word_1_73' title='bbox 1370 1101 1401 1146; x_wconf 90' lang='lat' dir='ltr'>a.</span> 
     </span>
     <span class='ocr_line' id='line_1_9' title="bbox 233 1186 1404 1274; baseline 0.002 -24"><span class='ocrx_word' id='word_1_74' title='bbox 233 1186 356 1274; x_wconf 92' lang='grc'>727127</span> <span class='ocrx_word' id='word_1_75' title='bbox 393 1187 567 1267; x_wconf 71' lang='grc'>22222721.</span> <span class='ocrx_word' id='word_1_76' title='bbox 627 1188 670 1251; x_wconf 86' lang='lat' dir='ltr'>At</span> <span class='ocrx_word' id='word_1_77' title='bbox 705 1186 866 1252; x_wconf 88' lang='lat' dir='ltr'>Tibullum</span> <span class='ocrx_word' id='word_1_78' title='bbox 903 1205 1032 1251; x_wconf 93' lang='lat' dir='ltr'>carmen</span> <span class='ocrx_word' id='word_1_79' title='bbox 1060 1187 1146 1268; x_wconf 93' lang='lat' dir='ltr'>quod</span> <span class='ocrx_word' id='word_1_80' title='bbox 1176 1193 1404 1268; x_wconf 82' lang='lat' dir='ltr'>composuerat</span> 
     </span>
     <span class='ocr_line' id='line_1_10' title="bbox 228 1293 1403 1380; baseline 0.002 -22"><span class='ocrx_word' id='word_1_81' title='bbox 228 1295 416 1376; x_wconf 86' lang='lat' dir='ltr'>priusquam</span> <span class='ocrx_word' id='word_1_82' title='bbox 451 1295 534 1359; x_wconf 91' lang='lat' dir='ltr'>libro</span> <span class='ocrx_word' id='word_1_83' title='bbox 566 1294 721 1359; x_wconf 88' lang='lat' dir='ltr'>insertum</span> <span class='ocrx_word' id='word_1_84' title='bbox 755 1295 865 1359; x_wconf 81' lang='lat' dir='ltr'>ederet</span> <span class='ocrx_word' id='word_1_85' title='bbox 889 1293 1138 1358; x_wconf 85' lang='lat' dir='ltr'>communicasse</span> <span class='ocrx_word' id='word_1_86' title='bbox 1162 1312 1231 1358; x_wconf 94' lang='lat' dir='ltr'>cum</span> <span class='ocrx_word' id='word_1_87' title='bbox 1256 1296 1366 1360; x_wconf 89' lang='lat' dir='ltr'>amicis</span> <span class='ocrx_word' id='word_1_88' title='bbox 1375 1294 1403 1380; x_wconf 78' lang='lat'>²)</span> 
     </span>
     <span class='ocr_line' id='line_1_11' title="bbox 230 1401 1401 1491; baseline 0.003 -26"><span class='ocrx_word' id='word_1_89' title='bbox 230 1401 361 1466; x_wconf 91' lang='lat' dir='ltr'>concedi</span> <span class='ocrx_word' id='word_1_90' title='bbox 405 1405 515 1483; x_wconf 89' lang='lat' dir='ltr'>potest</span> <span class='ocrx_word' id='word_1_91' title='bbox 555 1442 592 1450; x_wconf 86' lang='grc'>-</span> <span class='ocrx_word' id='word_1_92' title='bbox 634 1419 826 1483; x_wconf 91' lang='lat' dir='ltr'>quamquam</span> <span class='ocrx_word' id='word_1_93' title='bbox 865 1401 1053 1491; x_wconf 68' lang='lat' dir='ltr'>quibuscum</span> <span class='ocrx_word' id='word_1_94' title='bbox 1094 1401 1241 1483; x_wconf 89' lang='lat' dir='ltr'>equidem</span> <span class='ocrx_word' id='word_1_95' title='bbox 1281 1403 1401 1469; x_wconf 89' lang='lat' dir='ltr'>nescio.</span> 
     </span>
     <span class='ocr_line' id='line_1_12' title="bbox 231 1505 1403 1590; baseline 0.003 -18"><span class='ocrx_word' id='word_1_96' title='bbox 231 1507 417 1574; x_wconf 87' lang='lat' dir='ltr'>Messallam</span> <span class='ocrx_word' id='word_1_97' title='bbox 442 1508 537 1588; x_wconf 87' lang='lat' dir='ltr'>enim,</span> <span class='ocrx_word' id='word_1_98' title='bbox 562 1508 602 1573; x_wconf 92' lang='lat' dir='ltr'>de</span> <span class='ocrx_word' id='word_1_99' title='bbox 623 1527 685 1589; x_wconf 93' lang='lat' dir='ltr'>quo</span> <span class='ocrx_word' id='word_1_100' title='bbox 703 1507 906 1590; x_wconf 82' lang='lat' dir='ltr'>cogitaveris,</span> <span class='ocrx_word' id='word_1_101' title='bbox 931 1505 1106 1571; x_wconf 87' lang='lat' dir='ltr'>verisimile</span> <span class='ocrx_word' id='word_1_102' title='bbox 1123 1512 1173 1572; x_wconf 91' lang='lat' dir='ltr'>est</span> <span class='ocrx_word' id='word_1_103' title='bbox 1188 1512 1256 1572; x_wconf 90' lang='lat' dir='ltr'>tum</span> <span class='ocrx_word' id='word_1_104' title='bbox 1273 1509 1306 1573; x_wconf 92' lang='grc'>12</span> <span class='ocrx_word' id='word_1_105' title='bbox 1323 1511 1403 1576; x_wconf 85' lang='lat' dir='ltr'>Asia</span> 
     </span>
     <span class='ocr_line' id='line_1_13' title="bbox 230 1613 1402 1699; baseline 0.003 -20"><span class='ocrx_word' id='word_1_106' title='bbox 230 1615 358 1695; x_wconf 85' lang='lat' dir='ltr'>afuisse,</span> <span class='ocrx_word' id='word_1_107' title='bbox 396 1617 435 1681; x_wconf 91' lang='lat' dir='ltr'>de</span> <span class='ocrx_word' id='word_1_108' title='bbox 466 1615 579 1680; x_wconf 85' lang='lat' dir='ltr'>Ouidio</span> <span class='ocrx_word' id='word_1_109' title='bbox 615 1619 733 1695; x_wconf 91' lang='lat' dir='ltr'>autem,</span> <span class='ocrx_word' id='word_1_110' title='bbox 769 1619 806 1678; x_wconf 88' lang='lat' dir='ltr'>ut</span> <span class='ocrx_word' id='word_1_111' title='bbox 841 1614 943 1679; x_wconf 91' lang='lat' dir='ltr'>credit</span> <span class='ocrx_word' id='word_1_112' title='bbox 972 1613 1152 1678; x_wconf 85' lang='lat' dir='ltr'>Schultzius</span> <span class='ocrx_word' id='word_1_113' title='bbox 1189 1617 1233 1695; x_wconf 92' lang='lat' dir='ltr'>(p.</span> <span class='ocrx_word' id='word_1_114' title='bbox 1257 1616 1322 1699; x_wconf 88' lang='grc'>39),</span> <span class='ocrx_word' id='word_1_115' title='bbox 1359 1637 1402 1682; x_wconf 89' lang='grc'>22</span> 
     </span>
     <span class='ocr_line' id='line_1_14' title="bbox 231 1718 1402 1805; baseline 0.002 -18"><span class='ocrx_word' id='word_1_116' title='bbox 231 1723 367 1804; x_wconf 82' lang='lat' dir='ltr'>cogitari</span> <span class='ocrx_word' id='word_1_117' title='bbox 406 1724 535 1804; x_wconf 93' lang='lat' dir='ltr'>quidem</span> <span class='ocrx_word' id='word_1_118' title='bbox 573 1726 693 1804; x_wconf 91' lang='lat' dir='ltr'>potest,</span> <span class='ocrx_word' id='word_1_119' title='bbox 733 1723 853 1804; x_wconf 89' lang='lat' dir='ltr'>quippe</span> <span class='ocrx_word' id='word_1_120' title='bbox 892 1721 947 1804; x_wconf 92' lang='lat' dir='ltr'>qui</span> <span class='ocrx_word' id='word_1_121' title='bbox 985 1718 1056 1803; x_wconf 85' lang='lat' dir='ltr'>ip&#39;se</span> <span class='ocrx_word' id='word_1_122' title='bbox 1095 1727 1209 1802; x_wconf 90' lang='lat' dir='ltr'>postea</span> <span class='ocrx_word' id='word_1_123' title='bbox 1245 1728 1402 1805; x_wconf 89' lang='lat' dir='ltr'>queratur</span> 
     </span>
     <span class='ocr_line' id='line_1_15' title="bbox 230 1827 1401 1915; baseline 0.003 -21"><span class='ocrx_word' id='word_1_124' title='bbox 230 1828 282 1915; x_wconf 85' lang='lat' dir='ltr'>(cf.</span> <span class='ocrx_word' id='word_1_125' title='bbox 300 1850 332 1911; x_wconf 92' lang='lat' dir='ltr'>p.</span> <span class='ocrx_word' id='word_1_126' title='bbox 350 1833 368 1894; x_wconf 89' lang='lat'><strong>9</strong></span> <span class='ocrx_word' id='word_1_127' title='bbox 386 1849 415 1894; x_wconf 93' lang='lat' dir='ltr'>n.</span> <span class='ocrx_word' id='word_1_128' title='bbox 438 1831 471 1911; x_wconf 85' lang='grc'>11</span> <span class='ocrx_word' id='word_1_129' title='bbox 497 1831 582 1912; x_wconf 93' lang='lat' dir='ltr'>quod</span> <span class='ocrx_word' id='word_1_130' title='bbox 606 1829 673 1895; x_wconf 89' lang='lat' dir='ltr'>fata</span> <span class='ocrx_word' id='word_1_131' title='bbox 690 1830 825 1894; x_wconf 89' lang='lat' dir='ltr'>amicum</span> <span class='ocrx_word' id='word_1_132' title='bbox 843 1846 877 1892; x_wconf 91' lang='lat' dir='ltr'>se</span> <span class='ocrx_word' id='word_1_133' title='bbox 894 1827 964 1892; x_wconf 89' lang='lat' dir='ltr'>fieri</span> <span class='ocrx_word' id='word_1_134' title='bbox 981 1828 1107 1894; x_wconf 86' lang='lat' dir='ltr'>Tibullo</span> <span class='ocrx_word' id='word_1_135' title='bbox 1124 1848 1187 1895; x_wconf 90' lang='lat' dir='ltr'>non</span> <span class='ocrx_word' id='word_1_136' title='bbox 1205 1849 1300 1911; x_wconf 89' lang='lat' dir='ltr'>passa</span> <span class='ocrx_word' id='word_1_137' title='bbox 1325 1832 1401 1897; x_wconf 91' lang='lat' dir='ltr'>sint.</span> 
     </span>
     <span class='ocr_line' id='line_1_16' title="bbox 231 1923 1402 2014; baseline 0.003 -13"><span class='ocrx_word' id='word_1_138' title='bbox 231 1937 323 2014; x_wconf 79' lang='lat' dir='ltr'>Quod</span> <span class='ocrx_word' id='word_1_139' title='bbox 347 1923 474 2002; x_wconf 87' lang='lat' dir='ltr'>etiamsi</span> <span class='ocrx_word' id='word_1_140' title='bbox 498 1936 553 2000; x_wconf 87' lang='lat' dir='ltr'>illc</span> <span class='ocrx_word' id='word_1_141' title='bbox 577 1956 641 2001; x_wconf 91' lang='lat' dir='ltr'>non</span> <span class='ocrx_word' id='word_1_142' title='bbox 665 1937 843 2002; x_wconf 88' lang='lat' dir='ltr'>monuisset</span> <span class='ocrx_word' id='word_1_143' title='bbox 866 1939 974 2000; x_wconf 88' lang='lat' dir='ltr'>tamen</span> <span class='ocrx_word' id='word_1_144' title='bbox 1004 1937 1215 2002; x_wconf 89' lang='lat' dir='ltr'>crederemus.</span> <span class='ocrx_word' id='word_1_145' title='bbox 1271 1938 1402 2004; x_wconf 87' lang='lat' dir='ltr'>Etenim</span> 
     </span>
     <span class='ocr_line' id='line_1_17' title="bbox 230 2040 1401 2131; baseline 0.002 -23"><span class='ocrx_word' id='word_1_146' title='bbox 230 2062 301 2108; x_wconf 92' lang='lat' dir='ltr'>cum</span> <span class='ocrx_word' id='word_1_147' title='bbox 319 2043 464 2109; x_wconf 90' lang='lat' dir='ltr'>Tibullus</span> <span class='ocrx_word' id='word_1_148' title='bbox 481 2049 661 2108; x_wconf 89' lang='lat' dir='ltr'>moreretur</span> <span class='ocrx_word' id='word_1_149' title='bbox 684 2044 740 2108; x_wconf 92' lang='lat' dir='ltr'>ille</span> <span class='ocrx_word' id='word_1_150' title='bbox 755 2040 940 2108; x_wconf 89' lang='lat' dir='ltr'>vicesimum</span> <span class='ocrx_word' id='word_1_151' title='bbox 957 2043 1089 2107; x_wconf 87' lang='lat' dir='ltr'>tertium</span> <span class='ocrx_word' id='word_1_152' title='bbox 1112 2063 1229 2109; x_wconf 91' lang='lat' dir='ltr'>annum</span> <span class='ocrx_word' id='word_1_153' title='bbox 1246 2044 1401 2131; x_wconf 81' lang='lat' dir='ltr'>agebat³)</span> 
     </span>
     <span class='ocr_line' id='line_1_18' title="bbox 231 2149 1402 2233; baseline 0.003 -18"><span class='ocrx_word' id='word_1_154' title='bbox 231 2154 263 2215; x_wconf 86' lang='lat' dir='ltr'>et</span> <span class='ocrx_word' id='word_1_155' title='bbox 292 2156 333 2214; x_wconf 88' lang='grc'>22</span> <span class='ocrx_word' id='word_1_156' title='bbox 363 2155 430 2214; x_wconf 88' lang='lat' dir='ltr'>tum</span> <span class='ocrx_word' id='word_1_157' title='bbox 460 2151 589 2232; x_wconf 91' lang='lat' dir='ltr'>quidem</span> <span class='ocrx_word' id='word_1_158' title='bbox 619 2151 736 2214; x_wconf 90' lang='lat' dir='ltr'>scimus</span> <span class='ocrx_word' id='word_1_159' title='bbox 772 2169 848 2214; x_wconf 90' lang='lat' dir='ltr'>num</span> <span class='ocrx_word' id='word_1_160' title='bbox 883 2149 1032 2214; x_wconf 89' lang='lat' dir='ltr'>societati</span> <span class='ocrx_word' id='word_1_161' title='bbox 1067 2150 1115 2214; x_wconf 93' lang='lat' dir='ltr'>illi</span> <span class='ocrx_word' id='word_1_162' title='bbox 1151 2171 1246 2233; x_wconf 91' lang='lat' dir='ltr'>quam</span> <span class='ocrx_word' id='word_1_163' title='bbox 1283 2159 1402 2218; x_wconf 90' lang='lat' dir='ltr'>vocant</span> 
     </span>
     <span class='ocr_line' id='line_1_19' title="bbox 230 2254 1402 2337; baseline 0.003 -16"><span class='ocrx_word' id='word_1_164' title='bbox 230 2257 402 2323; x_wconf 89' lang='lat' dir='ltr'>Messallae</span> <span class='ocrx_word' id='word_1_165' title='bbox 437 2258 502 2322; x_wconf 90' lang='lat' dir='ltr'>iam</span> <span class='ocrx_word' id='word_1_166' title='bbox 537 2255 730 2336; x_wconf 87' lang='lat' dir='ltr'>interfuerit,</span> <span class='ocrx_word' id='word_1_167' title='bbox 762 2256 872 2337; x_wconf 89' lang='lat' dir='ltr'>itaque</span> <span class='ocrx_word' id='word_1_168' title='bbox 900 2254 1000 2320; x_wconf 92' lang='lat' dir='ltr'>multo</span> <span class='ocrx_word' id='word_1_169' title='bbox 1032 2257 1136 2322; x_wconf 93' lang='lat' dir='ltr'>minus</span> <span class='ocrx_word' id='word_1_170' title='bbox 1167 2257 1320 2322; x_wconf 89' lang='lat' dir='ltr'>credibile</span> <span class='ocrx_word' id='word_1_171' title='bbox 1349 2264 1402 2325; x_wconf 90' lang='lat' dir='ltr'>est</span> 
     </span>
     <span class='ocr_line' id='line_1_20' title="bbox 231 2362 1399 2450; baseline 0.003 -22"><span class='ocrx_word' id='word_1_172' title='bbox 231 2381 315 2428; x_wconf 88' lang='lat' dir='ltr'>anno</span> <span class='ocrx_word' id='word_1_173' title='bbox 341 2362 464 2449; x_wconf 91' lang='grc'>726128</span> <span class='ocrx_word' id='word_1_174' title='bbox 490 2384 509 2428; x_wconf 89' lang='grc'>2</span> <span class='ocrx_word' id='word_1_175' title='bbox 533 2364 659 2429; x_wconf 89' lang='lat' dir='ltr'>Tibullo</span> <span class='ocrx_word' id='word_1_176' title='bbox 677 2363 826 2428; x_wconf 88' lang='lat' dir='ltr'>Ovidium</span> <span class='ocrx_word' id='word_1_177' title='bbox 850 2362 1135 2444; x_wconf 88' lang='lat' dir='ltr'>adulescentulum,</span> <span class='ocrx_word' id='word_1_178' title='bbox 1161 2382 1295 2446; x_wconf 93' lang='lat' dir='ltr'>puerum</span> <span class='ocrx_word' id='word_1_179' title='bbox 1319 2364 1399 2450; x_wconf 84' lang='lat' dir='ltr'>fere,</span> 
     </span>
     <span class='ocr_line' id='line_1_21' title="bbox 231 2470 1400 2554; baseline 0.003 -19"><span class='ocrx_word' id='word_1_180' title='bbox 231 2472 285 2553; x_wconf 92' lang='lat' dir='ltr'>qui</span> <span class='ocrx_word' id='word_1_181' title='bbox 310 2472 467 2538; x_wconf 89' lang='lat' dir='ltr'>decimum</span> <span class='ocrx_word' id='word_1_182' title='bbox 491 2473 638 2554; x_wconf 84' lang='lat' dir='ltr'>quintum</span> <span class='ocrx_word' id='word_1_183' title='bbox 662 2490 780 2536; x_wconf 91' lang='lat' dir='ltr'>annum</span> <span class='ocrx_word' id='word_1_184' title='bbox 805 2470 923 2551; x_wconf 83' lang='lat' dir='ltr'>agebat</span> <span class='ocrx_word' id='word_1_185' title='bbox 947 2471 1077 2553; x_wconf 82' lang='lat' dir='ltr'>dignum</span> <span class='ocrx_word' id='word_1_186' title='bbox 1094 2471 1309 2538; x_wconf 90' lang='lat' dir='ltr'>existimatum</span> <span class='ocrx_word' id='word_1_187' title='bbox 1327 2491 1400 2540; x_wconf 87' lang='lat' dir='ltr'>esse</span> 
     </span>
     <span class='ocr_line' id='line_1_22' title="bbox 231 2576 1401 2662; baseline 0.003 -19"><span class='ocrx_word' id='word_1_188' title='bbox 231 2579 281 2643; x_wconf 92' lang='lat' dir='ltr'>cni</span> <span class='ocrx_word' id='word_1_189' title='bbox 307 2597 434 2644; x_wconf 86' lang='lat' dir='ltr'>carmen</span> <span class='ocrx_word' id='word_1_190' title='bbox 459 2580 619 2662; x_wconf 91' lang='lat' dir='ltr'>quoddam</span> <span class='ocrx_word' id='word_1_191' title='bbox 643 2580 830 2660; x_wconf 91' lang='lat' dir='ltr'>priusquam</span> <span class='ocrx_word' id='word_1_192' title='bbox 854 2578 886 2642; x_wconf 92' lang='lat' dir='ltr'>in</span> <span class='ocrx_word' id='word_1_193' title='bbox 904 2576 1068 2659; x_wconf 92' lang='lat' dir='ltr'>publicum</span> <span class='ocrx_word' id='word_1_194' title='bbox 1083 2580 1230 2661; x_wconf 90' lang='lat' dir='ltr'>prodiret</span> <span class='ocrx_word' id='word_1_195' title='bbox 1245 2582 1401 2646; x_wconf 88' lang='lat' dir='ltr'>recitare-</span> 
     </span>
     <span class='ocr_line' id='line_1_23' title="bbox 230 2685 1400 2767; baseline 0.004 -17"><span class='ocrx_word' id='word_1_196' title='bbox 230 2690 298 2766; x_wconf 84' lang='lat' dir='ltr'>tur3</span> <span class='ocrx_word' id='word_1_197' title='bbox 324 2704 425 2767; x_wconf 87' lang='lat' dir='ltr'>quare</span> <span class='ocrx_word' id='word_1_198' title='bbox 448 2686 615 2752; x_wconf 89' lang='lat' dir='ltr'>Reiscbius</span> <span class='ocrx_word' id='word_1_199' title='bbox 639 2686 688 2751; x_wconf 90' lang='lat' dir='ltr'>vir</span> <span class='ocrx_word' id='word_1_200' title='bbox 712 2685 916 2751; x_wconf 88' lang='lat' dir='ltr'>doctissimus</span> <span class='ocrx_word' id='word_1_201' title='bbox 941 2686 991 2749; x_wconf 92' lang='lat' dir='ltr'>cui</span> <span class='ocrx_word' id='word_1_202' title='bbox 1014 2685 1112 2766; x_wconf 90' lang='lat' dir='ltr'>plane</span> <span class='ocrx_word' id='word_1_203' title='bbox 1135 2689 1294 2753; x_wconf 87' lang='lat' dir='ltr'>assentior</span> <span class='ocrx_word' id='word_1_204' title='bbox 1310 2694 1400 2756; x_wconf 88' lang='lat' dir='ltr'>recte</span> 
     </span>
     <span class='ocr_line' id='line_1_24' title="bbox 231 2789 1401 2882; baseline 0.004 -27"><span class='ocrx_word' id='word_1_205' title='bbox 231 2790 311 2857; x_wconf 93' lang='lat' dir='ltr'>haec</span> <span class='ocrx_word' id='word_1_206' title='bbox 335 2793 436 2857; x_wconf 86' lang='lat' dir='ltr'>sensit</span> <span class='ocrx_word' id='word_1_207' title='bbox 462 2792 496 2877; x_wconf 88' lang='lat' dir='ltr'>(l.</span> <span class='ocrx_word' id='word_1_208' title='bbox 514 2793 534 2856; x_wconf 94' lang='lat' dir='ltr'>l.</span> <span class='ocrx_word' id='word_1_209' title='bbox 554 2811 583 2873; x_wconf 91' lang='lat' dir='ltr'>p.</span> <span class='ocrx_word' id='word_1_210' title='bbox 606 2794 696 2874; x_wconf 83' lang='grc'>119);</span> <span class='ocrx_word' id='word_1_211' title='bbox 723 2793 796 2866; x_wconf 77' lang='lat' dir='ltr'>„Er</span> <span class='ocrx_word' id='word_1_212' title='bbox 815 2791 925 2876; x_wconf 74' lang='lat' dir='ltr'>(ovid)</span> <span class='ocrx_word' id='word_1_213' title='bbox 949 2792 1030 2856; x_wconf 81' lang='grc'>1222</span> <span class='ocrx_word' id='word_1_214' title='bbox 1053 2789 1175 2877; x_wconf 81' lang='grc'>726128</span> <span class='ocrx_word' id='word_1_215' title='bbox 1197 2797 1263 2859; x_wconf 78' lang='lat' dir='ltr'>aad</span> <span class='ocrx_word' id='word_1_216' title='bbox 1286 2794 1401 2882; x_wconf 89' lang='grc'>727127</span> 
     </span>
     <span class='ocr_line' id='line_1_25' title="bbox 228 2899 1402 2984; baseline 0.003 -20"><span class='ocrx_word' id='word_1_217' title='bbox 228 2901 336 2983; x_wconf 72' lang='lat' dir='ltr'>pomino</span> <span class='ocrx_word' id='word_1_218' title='bbox 371 2901 449 2963; x_wconf 81' lang='lat' dir='ltr'>nocb</span> <span class='ocrx_word' id='word_1_219' title='bbox 483 2902 581 2984; x_wconf 78' lang='lat' dir='ltr'>weniq</span> <span class='ocrx_word' id='word_1_220' title='bbox 617 2899 723 2966; x_wconf 70' lang='lat' dir='ltr'>Aureli</span> <span class='ocrx_word' id='word_1_221' title='bbox 757 2925 799 2964; x_wconf 84' lang='lat' dir='ltr'>aa</span> <span class='ocrx_word' id='word_1_222' title='bbox 834 2901 890 2963; x_wconf 83' lang='lat' dir='ltr'>der</span> <span class='ocrx_word' id='word_1_223' title='bbox 923 2900 1192 2983; x_wconf 72' lang='lat' dir='ltr'>zeitpcadosiscbcn</span> <span class='ocrx_word' id='word_1_224' title='bbox 1224 2903 1402 2968; x_wconf 77' lang='lat' dir='ltr'>Littcrotur</span> 
     </span>
     <span class='ocr_line' id='line_1_26' title="bbox 228 3007 1402 3094; baseline 0.004 -24"><span class='ocrx_word' id='word_1_225' title='bbox 228 3028 409 3090; x_wconf 73' lang='grc'>9222222222</span> <span class='ocrx_word' id='word_1_226' title='bbox 432 3009 498 3071; x_wconf 77' lang='lat' dir='ltr'>ancl</span> <span class='ocrx_word' id='word_1_227' title='bbox 521 3008 636 3072; x_wconf 79' lang='lat' dir='ltr'>scbcint</span> <span class='ocrx_word' id='word_1_228' title='bbox 663 3009 834 3094; x_wconf 66' lang='lat' dir='ltr'>uberhaupt</span> <span class='ocrx_word' id='word_1_229' title='bbox 863 3017 923 3070; x_wconf 79' lang='grc'>2222</span> <span class='ocrx_word' id='word_1_230' title='bbox 950 3009 983 3070; x_wconf 84' lang='lat' dir='ltr'>in</span> <span class='ocrx_word' id='word_1_231' title='bbox 1011 3008 1071 3070; x_wconf 80' lang='lat' dir='ltr'>deo</span> <span class='ocrx_word' id='word_1_232' title='bbox 1095 3007 1217 3073; x_wconf 63' lang='grc' dir='ltr'>ι2212222</span> <span class='ocrx_word' id='word_1_233' title='bbox 1246 3011 1402 3076; x_wconf 77' lang='lat'><strong><em>732-35</em></strong></span> 
     </span>
     <span class='ocr_line' id='line_1_27' title="bbox 229 3115 1401 3200; baseline 0.007 -24"><span class='ocrx_word' id='word_1_234' title='bbox 229 3115 263 3176; x_wconf 80' lang='lat' dir='ltr'>in</span> <span class='ocrx_word' id='word_1_235' title='bbox 297 3115 409 3178; x_wconf 81' lang='grc'>22112222</span> <span class='ocrx_word' id='word_1_236' title='bbox 438 3116 627 3200; x_wconf 70' lang='grc' dir='ltr'>Β2221122229</span> <span class='ocrx_word' id='word_1_237' title='bbox 660 3117 716 3179; x_wconf 81' lang='lat' dir='ltr'>mit</span> <span class='ocrx_word' id='word_1_238' title='bbox 745 3118 804 3180; x_wconf 81' lang='lat' dir='ltr'>den</span> <span class='ocrx_word' id='word_1_239' title='bbox 832 3115 982 3181; x_wconf 82' lang='lat' dir='ltr'>leiteodcn</span> <span class='ocrx_word' id='word_1_240' title='bbox 1015 3116 1238 3182; x_wconf 73' lang='grc'>12222222221222</span> <span class='ocrx_word' id='word_1_241' title='bbox 1265 3119 1401 3183; x_wconf 79' lang='lat' dir='ltr'>Krca&#39;ccn</span> 
     </span>
     <span class='ocr_line' id='line_1_28' title="bbox 227 3222 589 3306; baseline 0.003 -20"><span class='ocrx_word' id='word_1_242' title='bbox 227 3222 405 3306; x_wconf 74' lang='grc' dir='ltr'>ι(1212222222</span> <span class='ocrx_word' id='word_1_243' title='bbox 428 3245 467 3285; x_wconf 78' lang='lat' dir='ltr'>za</span> <span class='ocrx_word' id='word_1_244' title='bbox 490 3224 589 3288; x_wconf 83' lang='lat' dir='ltr'>scio.“</span> 
     </span>
    </p>
   </div>
   <div class='ocr_carea' id='block_1_3' title="bbox 218 3504 1405 4283">
    <p class='ocr_par' dir='ltr' id='par_1_3' title="bbox 228 3504 1403 3930">
     <span class='ocr_line' id='line_1_29' title="bbox 301 3504 1402 3576; baseline 0.004 -18"><span class='ocrx_word' id='word_1_245' title='bbox 301 3505 323 3573; x_wconf 81' lang='grc'>11</span> <span class='ocrx_word' id='word_1_246' title='bbox 341 3505 411 3558; x_wconf 90' lang='lat' dir='ltr'>Miro</span> <span class='ocrx_word' id='word_1_247' title='bbox 430 3504 509 3558; x_wconf 90' lang='lat' dir='ltr'>modo</span> <span class='ocrx_word' id='word_1_248' title='bbox 522 3504 703 3576; x_wconf 76' lang='grc'>0222122211.</span> <span class='ocrx_word' id='word_1_249' title='bbox 717 3505 734 3558; x_wconf 92' lang='lat' dir='ltr'>l.</span> <span class='ocrx_word' id='word_1_250' title='bbox 747 3521 774 3574; x_wconf 91' lang='lat' dir='ltr'>p.</span> <span class='ocrx_word' id='word_1_251' title='bbox 792 3508 817 3560; x_wconf 94' lang='lat' dir='ltr'>ll</span> <span class='ocrx_word' id='word_1_252' title='bbox 835 3522 861 3560; x_wconf 92' lang='grc'>2.</span> <span class='ocrx_word' id='word_1_253' title='bbox 878 3504 904 3573; x_wconf 92' lang='lat' dir='ltr'>l)</span> <span class='ocrx_word' id='word_1_254' title='bbox 922 3505 1029 3559; x_wconf 85' lang='lat' dir='ltr'>censuit</span> <span class='ocrx_word' id='word_1_255' title='bbox 1046 3504 1208 3560; x_wconf 87' lang='lat' dir='ltr'>incredibile</span> <span class='ocrx_word' id='word_1_256' title='bbox 1222 3522 1280 3560; x_wconf 91' lang='grc'>2222</span> <span class='ocrx_word' id='word_1_257' title='bbox 1299 3505 1402 3562; x_wconf 91' lang='lat' dir='ltr'>librum</span> 
     </span>
     <span class='ocr_line' id='line_1_30' title="bbox 230 3593 1402 3666; baseline 0.004 -21"><span class='ocrx_word' id='word_1_258' title='bbox 230 3594 387 3648; x_wconf 87' lang='lat' dir='ltr'>universnm</span> <span class='ocrx_word' id='word_1_259' title='bbox 410 3611 426 3647; x_wconf 97' lang='grc'>2</span> <span class='ocrx_word' id='word_1_260' title='bbox 450 3593 559 3647; x_wconf 84' lang='lat' dir='ltr'>Tibullo</span> <span class='ocrx_word' id='word_1_261' title='bbox 582 3595 642 3663; x_wconf 91' lang='lat' dir='ltr'>ipso</span> <span class='ocrx_word' id='word_1_262' title='bbox 667 3594 770 3648; x_wconf 90' lang='lat' dir='ltr'>editum</span> <span class='ocrx_word' id='word_1_263' title='bbox 794 3610 862 3662; x_wconf 84' lang='lat' dir='ltr'>esse,</span> <span class='ocrx_word' id='word_1_264' title='bbox 886 3595 958 3664; x_wconf 93' lang='lat' dir='ltr'>quod</span> <span class='ocrx_word' id='word_1_265' title='bbox 982 3595 1086 3666; x_wconf 85' lang='lat' dir='ltr'>elegiae</span> <span class='ocrx_word' id='word_1_266' title='bbox 1105 3595 1146 3650; x_wconf 85' lang='lat' dir='ltr'>IV</span> <span class='ocrx_word' id='word_1_267' title='bbox 1165 3596 1231 3649; x_wconf 87' lang='lat' dir='ltr'>ordo</span> <span class='ocrx_word' id='word_1_268' title='bbox 1255 3612 1402 3665; x_wconf 84' lang='lat' dir='ltr'>perversus</span> 
     </span>
     <span class='ocr_line' id='line_1_31' title="bbox 231 3682 1403 3754; baseline 0.003 -19"><span class='ocrx_word' id='word_1_269' title='bbox 231 3683 314 3736; x_wconf 81' lang='lat' dir='ltr'>esset!</span> <span class='ocrx_word' id='word_1_270' title='bbox 334 3682 420 3747; x_wconf 77' lang='lat' dir='ltr'>Quam</span> <span class='ocrx_word' id='word_1_271' title='bbox 440 3683 624 3738; x_wconf 85' lang='lat' dir='ltr'>coniecturam</span> <span class='ocrx_word' id='word_1_272' title='bbox 641 3683 683 3736; x_wconf 84' lang='lat' dir='ltr'>vir</span> <span class='ocrx_word' id='word_1_273' title='bbox 703 3683 799 3737; x_wconf 89' lang='lat' dir='ltr'>doctus</span> <span class='ocrx_word' id='word_1_274' title='bbox 819 3683 879 3753; x_wconf 88' lang='lat' dir='ltr'>(qui</span> <span class='ocrx_word' id='word_1_275' title='bbox 898 3686 994 3753; x_wconf 85' lang='lat' dir='ltr'>captus</span> <span class='ocrx_word' id='word_1_276' title='bbox 1014 3688 1057 3738; x_wconf 90' lang='lat' dir='ltr'>est</span> <span class='ocrx_word' id='word_1_277' title='bbox 1073 3683 1221 3738; x_wconf 79' lang='lat' dir='ltr'>Bitschelii</span> <span class='ocrx_word' id='word_1_278' title='bbox 1240 3685 1403 3754; x_wconf 85' lang='lat' dir='ltr'>quaestione</span> 
     </span>
     <span class='ocr_line' id='line_1_32' title="bbox 230 3771 1403 3843; baseline 0.003 -19"><span class='ocrx_word' id='word_1_279' title='bbox 230 3771 399 3840; x_wconf 81' lang='lat' dir='ltr'>acutissima)</span> <span class='ocrx_word' id='word_1_280' title='bbox 425 3773 534 3826; x_wconf 88' lang='lat' dir='ltr'>missam</span> <span class='ocrx_word' id='word_1_281' title='bbox 562 3774 652 3826; x_wconf 87' lang='lat' dir='ltr'>facere</span> <span class='ocrx_word' id='word_1_282' title='bbox 680 3773 771 3843; x_wconf 87' lang='lat' dir='ltr'>potuit</span> <span class='ocrx_word' id='word_1_283' title='bbox 798 3772 822 3828; x_wconf 90' lang='lat' dir='ltr'>si</span> <span class='ocrx_word' id='word_1_284' title='bbox 845 3771 961 3828; x_wconf 81' lang='lat' dir='ltr'>Vahleni</span> <span class='ocrx_word' id='word_1_285' title='bbox 989 3773 1022 3826; x_wconf 88' lang='lat' dir='ltr'>de</span> <span class='ocrx_word' id='word_1_286' title='bbox 1049 3773 1101 3826; x_wconf 89' lang='lat' dir='ltr'>hac</span> <span class='ocrx_word' id='word_1_287' title='bbox 1121 3773 1210 3840; x_wconf 83' lang='lat' dir='ltr'>elegia</span> <span class='ocrx_word' id='word_1_288' title='bbox 1232 3773 1403 3842; x_wconf 88' lang='lat' dir='ltr'>quaestionis</span> 
     </span>
     <span class='ocr_line' id='line_1_33' title="bbox 228 3858 787 3930; baseline 0.004 -18"><span class='ocrx_word' id='word_1_289' title='bbox 228 3858 257 3928; x_wconf 77' lang='lat' dir='ltr'>(l.</span> <span class='ocrx_word' id='word_1_290' title='bbox 270 3859 289 3914; x_wconf 91' lang='lat' dir='ltr'>l.</span> <span class='ocrx_word' id='word_1_291' title='bbox 303 3877 328 3929; x_wconf 90' lang='lat' dir='ltr'>p.</span> <span class='ocrx_word' id='word_1_292' title='bbox 342 3863 394 3918; x_wconf 85' lang='grc'>346</span> <span class='ocrx_word' id='word_1_293' title='bbox 406 3860 479 3930; x_wconf 88' lang='lat' dir='ltr'>sqq.)</span> <span class='ocrx_word' id='word_1_294' title='bbox 495 3861 622 3915; x_wconf 88' lang='lat' dir='ltr'>notitiam</span> <span class='ocrx_word' id='word_1_295' title='bbox 639 3860 787 3915; x_wconf 88' lang='lat' dir='ltr'>habuisset.</span> 
     </span>
    </p>

    <p class='ocr_par' dir='ltr' id='par_1_4' title="bbox 218 3937 540 4019">
     <span class='ocr_line' id='line_1_34' title="bbox 218 3937 540 4019; baseline 0.006 -17"><span class='ocrx_word' id='word_1_296' title='bbox 218 3937 221 3943; x_wconf 83' lang='grc'><strong>’</strong></span> <span class='ocrx_word' id='word_1_297' title='bbox 300 3947 323 4016; x_wconf 75' lang='lat'>2)</span> <span class='ocrx_word' id='word_1_298' title='bbox 342 3950 540 4019; x_wconf 67' lang='lat' dir='ltr'>alpiano.</span> 
     </span>
    </p>

    <p class='ocr_par' dir='ltr' id='par_1_5' title="bbox 230 4020 1405 4283">
     <span class='ocr_line' id='line_1_35' title="bbox 302 4020 1403 4110; baseline 0 -17"><span class='ocrx_word' id='word_1_299' title='bbox 302 4037 325 4107; x_wconf 84' lang='grc'>3)</span> <span class='ocrx_word' id='word_1_300' title='bbox 342 4039 490 4109; x_wconf 85' lang='lat' dir='ltr'>Perperam</span> <span class='ocrx_word' id='word_1_301' title='bbox 518 4040 631 4093; x_wconf 84' lang='lat' dir='ltr'>adnotat</span> <span class='ocrx_word' id='word_1_302' title='bbox 652 4039 755 4093; x_wconf 87' lang='lat' dir='ltr'>Plessis</span> <span class='ocrx_word' id='word_1_303' title='bbox 782 4020 896 4110; x_wconf 80' lang='grc'>(1112022</span> <span class='ocrx_word' id='word_1_304' title='bbox 926 4040 1056 4108; x_wconf 82' lang='lat' dir='ltr'>critiques</span> <span class='ocrx_word' id='word_1_305' title='bbox 1081 4056 1127 4093; x_wconf 88' lang='lat' dir='ltr'>sur</span> <span class='ocrx_word' id='word_1_306' title='bbox 1144 4039 1280 4107; x_wconf 88' lang='lat' dir='ltr'>Properec</span> <span class='ocrx_word' id='word_1_307' title='bbox 1306 4042 1334 4092; x_wconf 88' lang='lat' dir='ltr'>ct</span> <span class='ocrx_word' id='word_1_308' title='bbox 1357 4056 1403 4094; x_wconf 87' lang='lat' dir='ltr'>ses</span> 
     </span>
     <span class='ocr_line' id='line_1_36' title="bbox 230 4125 1405 4198; baseline 0.001 -18"><span class='ocrx_word' id='word_1_309' title='bbox 230 4125 341 4195; x_wconf 60' lang='lat' dir='ltr'>&amp;logias</span> <span class='ocrx_word' id='word_1_310' title='bbox 358 4128 436 4181; x_wconf 82' lang='lat' dir='ltr'>Paris</span> <span class='ocrx_word' id='word_1_311' title='bbox 458 4130 534 4195; x_wconf 82' lang='lat'>1884,</span> <span class='ocrx_word' id='word_1_312' title='bbox 552 4145 579 4198; x_wconf 89' lang='lat' dir='ltr'>p.</span> <span class='ocrx_word' id='word_1_313' title='bbox 593 4130 646 4183; x_wconf 83' lang='grc'>204</span> <span class='ocrx_word' id='word_1_314' title='bbox 666 4145 704 4198; x_wconf 84' lang='lat' dir='ltr'>sq.</span> <span class='ocrx_word' id='word_1_315' title='bbox 719 4146 745 4184; x_wconf 89' lang='lat'>11.</span> <span class='ocrx_word' id='word_1_316' title='bbox 760 4129 801 4198; x_wconf 67' lang='grc'>212</span> <span class='ocrx_word' id='word_1_317' title='bbox 828 4129 923 4193; x_wconf 82' lang='lat' dir='ltr'>„Ovide</span> <span class='ocrx_word' id='word_1_318' title='bbox 942 4129 1036 4181; x_wconf 80' lang='lat' dir='ltr'>n&#39;avait</span> <span class='ocrx_word' id='word_1_319' title='bbox 1055 4148 1100 4195; x_wconf 82' lang='lat' dir='ltr'>que</span> <span class='ocrx_word' id='word_1_320' title='bbox 1123 4139 1238 4195; x_wconf 82' lang='lat' dir='ltr'>quatorze</span> <span class='ocrx_word' id='word_1_321' title='bbox 1261 4148 1291 4180; x_wconf 83' lang='lat' dir='ltr'>ou</span> <span class='ocrx_word' id='word_1_322' title='bbox 1315 4131 1405 4193; x_wconf 73' lang='lat' dir='ltr'>quinae</span> 
     </span>
     <span class='ocr_line' id='line_1_37' title="bbox 230 4220 921 4283; baseline -0.003 -14"><span class='ocrx_word' id='word_1_323' title='bbox 230 4237 276 4269; x_wconf 84' lang='lat' dir='ltr'>aas</span> <span class='ocrx_word' id='word_1_324' title='bbox 295 4220 382 4283; x_wconf 80' lang='lat' dir='ltr'>quand</span> <span class='ocrx_word' id='word_1_325' title='bbox 404 4220 497 4272; x_wconf 84' lang='lat' dir='ltr'>Tibulle</span> <span class='ocrx_word' id='word_1_326' title='bbox 515 4231 550 4270; x_wconf 81' lang='lat' dir='ltr'>cst</span> <span class='ocrx_word' id='word_1_327' title='bbox 568 4224 655 4270; x_wconf 81' lang='lat' dir='ltr'>mort.“</span> <span class='ocrx_word' id='word_1_328' title='bbox 918 4224 921 4228; x_wconf 78' lang='grc'><em>’</em></span> 
     </span>
    </p>
   </div>
   <div class='ocr_carea' id='block_1_4' title="bbox 0 0 1475 4890">
    <p class='ocr_par' dir='ltr' id='par_1_6' title="bbox 0 0 1475 4890">
     <span class='ocr_line' id='line_1_38' title="bbox 0 0 1475 4890; baseline 0 0"><span class='ocrx_word' id='word_1_329' title='bbox 0 0 1475 4890; x_wconf 95' lang='lat' dir='ltr'> </span> 
     </span>
    </p>
   </div>
  </div>
 </body>
</html>
