2940 4890
151 242 193 304 62

149 437 219 483 mus
251 417 335 500 quod
365 435 464 498 supra
492 416 781 482 demonstravimus
805 434 833 480 a.
868 415 996 493 tutilo·
1029 416 1146 482 librum
1182 419 1325 500 primum

150 525 226 608 (810
244 523 304 606 vv.)
322 527 355 588 et
378 524 550 589 secundum
577 524 652 606 (428
670 524 732 605 vv.)
758 522 956 589 Tibulliauos
981 525 1084 590 editos
1114 524 1214 592 luisse
1238 527 1323 608 quod

110 673 112 677 ι
149 630 281 696 Ovidius
306 636 339 695 et
363 631 417 712 qui
441 630 562 696 litteris
585 630 759 695 studebant
782 650 846 695 uon
870 629 1074 713 ignorabant,
1100 633 1154 713 qui
1179 631 1250 698 fieri
1266 647 1324 716 po=

146 739 212 804 tuit
235 742 271 803 ut
304 738 393 804 brevi
427 743 598 820 postquam
629 739 684 803 ille
712 742 859 803 mortuus
890 743 939 801 est
975 739 1058 821 (nam
1085 737 1193 804 Sosios
1229 738 1325 807 affert

148 835 197 911 vir
221 846 333 910 doctus
358 845 532 927 aequales),
573 845 703 925 Ouidio,
732 845 827 910 immo
853 845 1006 910 Messalla
1030 845 1125 926 vivis,
1158 847 1211 928 qui
1240 866 1324 929 quae

149 952 291 1017 carmina
315 951 434 1017 Tibulli
457 958 566 1018 esseut
590 970 671 1034 quac
695 970 758 1017 non
783 957 892 1017 esseut
915 952 995 1017 satis
1012 951 1208 1032 compertum
1225 953 1323 1019 babe-

148 1058 235 1139 bant,
262 1059 416 1142 Lygdami
433 1059 601 1140 carmina¹)
620 1058 738 1123 Tibulli
761 1059 843 1124 libro
869 1059 1018 1138 secundo,
1037 1059 1144 1123 aliena
1160 1060 1320 1142 genuinis,

149 1167 195 1231 ita
220 1167 470 1232 annecterentur
493 1171 530 1230 ut
554 1167 734 1231 Tibulliana
757 1185 827 1232 esse
855 1167 1042 1232 viderentur
1067 1170 1100 1230 et
1115 1168 1324 1233 crederentur

148 1274 189 1339 ab
213 1274 385 1340 omnibus?
408 1274 478 1339 Hoc
502 1274 724 1355 gravissimum
743 1279 806 1354 est3
832 1293 894 1356 quo
918 1272 1096 1338 iereBirtii
1114 1275 1222 1355 opinio
1240 1276 1320 1342 satis

148 1380 318 1446 refutatur.
366 1380 430 1445 Sed
459 1381 623 1448 videamus
652 1382 786 1464 reliqua.
840 1369 929 1459 Quod
959 1381 986 1444 si
1010 1381 1149 1461 Birtius,
1180 1400 1251 1446 cum
1280 1402 1321 1449 ne

147 1493 262 1570 postea
286 1488 413 1569 quidem
438 1525 480 1534 -
508 1487 570 1554 hoc
599 1509 695 1554 uuum
720 1494 843 1554 rectum
875 1493 990 1553 est-
1016 1488 1171 1571 Lygdami
1199 1491 1321 1554 mentio

23 1674 25 1679 Δ
145 1593 242 1660 fieret
265 1595 351 1675 apud
376 1599 511 1674 veteres,
537 1600 646 1660 censet
669 1588 808 1675 intelligi
832 1614 895 1659 non
918 1613 1014 1676 posse
1037 1595 1100 1660 nisi
1125 1615 1163 1659 ex
1180 1615 1218 1662 eo
1235 1596 1322 1679 quod

148 1702 211 1766 iam
235 1707 303 1767 tum
328 1702 470 1767 carmina
493 1702 589 1767 buius
613 1708 729 1784 poetae
753 1721 823 1767 cum
847 1702 1037 1767 Tibullianis
1060 1704 1161 1767 mixta
1184 1701 1321 1769 fuissent

107 1844 109 1848 ·
148 1810 257 1891 itaque
287 1810 442 1893 Lygdami
471 1829 586 1874 nomen
616 1810 808 1889 evanuisset,
833 1808 893 1872 hoc
923 1812 1032 1872 tamen
1055 1806 1207 1874 facillime
1242 1830 1319 1891 quo·

79 1997 80 2001 ¹
147 1918 240 1982 modo
267 1916 387 1981 factum
417 1916 460 1981 sit
491 1920 628 1997 apparet
663 1934 701 1980 ex
737 1915 884 1998 eoquod
918 1915 987 1995 ipse
1023 1916 1141 1981 conicit
1164 1915 1318 1999 Birtius²i

147 2024 346 2107 Lygdamum
374 2022 494 2104 elegias
521 2041 605 2102 suas,
635 2041 827 2105 quamquam
856 2021 995 2088 fortasse
1018 2022 1164 2089 Neaerae
1193 2025 1226 2089 in
1255 2044 1318 2089 uuo

147 2131 309 2196 volumine
333 2131 507 2213 inscriptas
530 2131 600 2212 ipse
626 2130 847 2210 dedicavisset,
872 2134 980 2194 tamen
1005 2129 1126 2212 publici
1151 2131 1230 2196 iuris
1254 2151 1319 2196 nou

147 2236 304 2321 fecisse³).
353 2239 381 2302 E
419 2244 454 2303 ut
478 2257 649 2319 sumamus,
675 2238 871 2320 Lygdamum
900 2237 1005 2318 ipsum
1033 2237 1092 2302 hos
1116 2256 1228 2303 versus
1254 2240 1319 2303 290

148 2345 182 2409 in
207 2344 283 2409 libri
306 2344 441 2411 formam
465 2346 613 2410 redactos
638 2363 781 2410 seorsum
807 2345 946 2409 edidisse
964 2345 1102 2425 -quod
1120 2350 1235 2427 poetae
1254 2365 1320 2411 non

148 2454 195 2517 ita
222 2454 290 2518 noti
314 2454 448 2535 posteri,
474 2454 593 2536 quippe
622 2454 676 2541 qui
705 2452 880 2518 nobiliores
909 2452 989 2518 alios
1017 2452 1146 2517 silentio
1175 2458 1320 2534 praeter·

148 2561 311 2642 miserint,
341 2561 496 2643 Lygdami
526 2578 682 2642 nusquam
718 2560 912 2625 mentionem
940 2558 1063 2625 iaciunt
1090 2560 1204 2626 hocine
1239 2560 1319 2626 satis

147 2666 265 2748 probat
287 2667 382 2732 huius
412 2667 554 2732 carmina
584 2686 728 2732 seorsum
757 2667 843 2732 edita
871 2687 911 2732 ne
941 2668 1087 2732 extitisse
1123 2667 1251 2749 quidem
1288 2671 1321 2731 et
1374 2720 1376 2725 .

145 2793 209 2838 una
234 2794 304 2840 cum
329 2774 447 2839 Tibulli
473 2775 556 2840 libro
592 2774 732 2841 secundo
761 2775 963 2839 innotuisse?
1010 2774 1052 2838 Et
1080 2774 1204 2838 accedit
1232 2774 1318 2856 quod

146 2900 187 2946 ue
210 2882 242 2946 id
267 2882 395 2964 quidem
419 2883 546 2962 scimus
572 2901 647 2946 num
672 2900 755 2945 auno
781 2882 904 2953 735r19
932 2881 982 2945 vel
1013 2881 1109 2962 paulo
1137 2885 1212 2962 post
1236 2880 1318 2963 Lyg·
1346 2894 1353 2907 ·

146 2989 231 3053 dami
256 2989 379 3070 elegiae
403 2990 493 3070 ipsae
519 2988 682 3054 confectae
706 2987 826 3052 fuerint
849 2987 896 3051 ita
920 2992 956 3051 ut
980 3006 999 3052 a
1022 2986 1124 3054 Sosiis
1147 2992 1317 3069 postquam

146 3094 291 3160 Tibullus
315 3100 461 3161 mortuus
486 3101 536 3161 est
558 3095 805 3186 libro-secundo
831 3094 913 3160 adici
938 3101 1088 3176 possent3
1114 3095 1172 3161 sed
1195 3100 1231 3159 ut
1254 3095 1317 3158 iam

146 3208 214 3266 tum
239 3200 403 3267 coniectae
427 3200 566 3268 fuissent
589 3203 701 3267 mirari
728 3208 837 3269 tamen
861 3201 1026 3282 debemus,
1056 3220 1112 3267 cur
1135 3201 1318 3284 Lygdamus

146 3310 292 3390 quitum
317 3315 472 3391 quattuor
496 3314 530 3374 et
552 3310 667 3391 viginti
693 3329 793 3376 annos
817 3314 913 3375 uatus
937 3316 1007 3375 erat
1031 3309 1082 3393 (ci.
1108 3310 1176 3375 Tib.
1202 3309 1260 3390 Ill,
1287 3312 1319 3391 5,
1402 3324 1404 3328 ⁴

38 3462 40 3466 »
149 3418 199 3495 17,
227 3418 281 3496 18)
307 3417 427 3498 elegias
452 3417 492 3482 ab
509 3417 580 3499 ipso
599 3414 761 3482 confectas
776 3435 891 3498 passus
909 3418 951 3482 sit
968 3436 986 3481 a
1004 3416 1104 3483 Sosiis
1128 3417 1183 3480 alii
1203 3420 1320 3497 poetae

144 3523 285 3587 adnecti.
332 3524 374 3588 Et
398 3524 426 3589 si
450 3524 568 3589 dixerit
591 3524 662 3606 quis
686 3523 885 3605 Lygdamum
909 3543 979 3590 cum
1003 3525 1064 3589 hoc
1087 3523 1181 3588 fieret
1213 3523 1318 3604 ipsum

144 3628 283 3695 fortasse
299 3630 491 3696 interrivos
507 3631 571 3696 iam
586 3650 650 3695 non
667 3628 777 3710 fuisse,
801 3632 994 3696 monendum
1011 3636 1061 3695 est
1077 3649 1158 3712 quae
1180 3630 1220 3694 ad
1236 3630 1320 3712 Lyg-

216 3825 239 3895 1)
257 3826 360 3879 Notum
390 3828 433 3879 est
458 3825 526 3879 hacc
553 3824 681 3880 Vossium
710 3825 825 3893 primum
855 3825 1053 3878 demonstrasse
1078 3840 1095 3877 a
1121 3822 1230 3876 Tibullo
1259 3838 1319 3877 essa

146 3916 335 3971 abiudicauda.

217 4005 239 4074 ²)
258 4005 449 4074 Adstipulatur
468 4004 598 4071 Hillerus,
617 4003 731 4058 Hermes
750 4003 848 4057 XVIII
867 4007 959 4071 (1883)
979 4021 1004 4072 p.
1019 4005 1079 4060 352.

217 4095 240 4164 ³)
260 4095 318 4158 Quo
337 4098 459 4162 tempora
479 4093 605 4162 equidem
625 4109 749 4147 censeam
767 4091 816 4145 has
836 4092 938 4160 elegias
958 4110 1022 4146 cum
1038 4091 1200 4144 Tibullianis
1220 4090 1319 4144 mixtas

17 4202 20 4207 ’
147 4201 205 4242 esse
226 4201 249 4238 v.
265 4183 346 4253 paulo
366 4185 384 4235 i.
397 4200 423 4252 p.
441 4188 473 4238 64
488 4201 546 4252 sqq.
