2940 4890
244 1275 316 1400 De
341 1295 468 1399 ¹libri
506 1299 711 1400 secundi
750 1299 966 1401 editione
1004 1303 1067 1402 ab
1105 1301 1214 1432 ipso

517 1467 712 1569 Tibullo
751 1474 933 1570 curate.

232 1781 261 1844 A
287 1780 451 1861 plerisque
478 1779 574 1846 hodie
603 1779 715 1860 negari
743 1779 860 1844 librum
889 1780 1064 1844 secuudum
1088 1800 1108 1845 a
1132 1782 1257 1848 Tibullo
1282 1785 1315 1848 in

144 1887 247 1951 lucem
270 1887 420 1952 emissum
445 1906 515 1952 esse
539 1891 650 1953 uotum
672 1890 731 1951 est.
769 1887 818 1951 De
835 1905 899 1967 qua
914 1905 949 1952 re
967 1907 1038 1952 oum
1054 1889 1202 1970 equidem
1218 1890 1315 1954 aliter

144 1993 291 2073 seutiam,
321 1999 354 2058 et
382 1993 528 2076 singulae
556 1994 680 2076 elegiae
708 1993 891 2075 exquibus
919 1995 1022 2059 critici
1052 1996 1159 2060 omnia
1187 1995 1254 2061 fere
1281 1997 1314 2061 in

144 2120 236 2166 suum
264 2118 357 2164 usum
388 2105 617 2166 converterunt
645 2100 757 2182 quales
789 2101 855 2165 siut
885 2102 988 2166 denuo
1017 2121 1149 2168 necesse
1181 2108 1231 2168 est
1263 2124 1316 2169 ex·

146 2208 327 2273 aminentur
350 2211 383 2271 et
406 2208 491 2289 quod
507 2208 671 2289 plerisque
688 2207 817 2272 brevior
833 2207 917 2272 liber
934 2227 1004 2274 esse
1020 2209 1191 2275 videbatur
1206 2216 1315 2276 utrum

144 2319 233 2379 recte
257 2316 405 2397 culpetur
428 2333 528 2380 neone
552 2315 645 2380 decet
669 2324 835 2395 quaerere.

233 2423 283 2487 Ad
311 2427 482 2504 utrumque
510 2428 618 2487 autem
642 2426 679 2486 ut
702 2410 798 2502 paulo
824 2419 1036 2488 confidentius
1062 2424 1250 2488 accedamus
1274 2425 1314 2488 ad

144 2530 331 2595 testimonia
358 2531 465 2612 placet
499 2548 676 2608 recurrere,
701 2548 776 2593 uum
811 2547 875 2610 qua
910 2529 989 2593 satis
1024 2529 1096 2610 ipsa
1129 2531 1240 2594 iuvent
1276 2530 1317 2594 sd

145 2638 366 2720 quaestionem
391 2638 637 2703 dissolvendam.

710 2951 744 3033 l.

145 3145 260 3257 Quid
292 3169 349 3231 ex
377 3147 535 3230 (lvidie
568 3146 624 3229 ud
659 3146 770 3229 libri
802 3146 1049 3230 editionem
1082 3146 1315 3229 redundet.

235 3396 368 3462 Ovidius
392 3415 476 3462 11111111
502 3393 624 3480 735119
650 3414 721 3460 cum
738 3394 883 3461 Tibullus
899 3394 1068 3476 ‚,iuvenis“
1092 3395 1188 3459 matri
1212 3396 1316 3460 sorori

146 3505 256 3569 amicis
280 3508 384 3569 morte
401 3509 532 3584 ereptus
549 3507 636 3568 esset
651 3503 797 3584 elegiam,
822 3507 859 3567 ut
884 3502 939 3566 alii
965 3502 1005 3567 ob
1030 3502 1165 3567 aliorum
1182 3503 1314 3583 obitum,

147 3611 187 3677 ob
203 3618 319 3693 poetae
335 3611 522 3675 memoriam
539 3611 718 3691 composuit
736 3610 855 3694 (Amor.
869 3609 926 3689 111,
946 3608 990 3692 9).
1027 3609 1115 3686 Quae
1132 3627 1203 3673 cum
1219 3609 1315 3689 digne

145 3718 300 3800 patefecit
327 3718 440 3801 quanti
464 3717 596 3783 Ovidius
619 3723 749 3799 poetam
777 3717 927 3782 habuerit
951 3721 1019 3781 tum
1043 3721 1186 3781 nostram
1211 3721 1317 3779 movet

147 3830 180 3891 et
203 3826 448 3891 admirationem
472 3841 607 3906 poeseos
632 3823 809 3889 Ouidianae
833 3828 866 3889 et
888 3841 1066 3888 maerorem
1091 3822 1175 3904 quod
1198 3821 1316 3886 Tibulli

146 3933 236 4013 prius
260 3951 355 4014 quam
378 3951 438 4014 par
462 3936 533 3996 erut
557 3949 592 3995 os
617 3931 821 3997 obmutuerit.
861 3931 909 3994 De
931 3936 1077 4011 tempore
1098 3932 1205 3992 autem
1221 3927 1315 3992 huius

147 4040 283 4120 epicedii
300 4040 351 4104 vix
368 4039 579 4117 dubitaverim
597 4058 671 4103 nam
687 4055 880 4119 quamquam
896 4036 1012 4101 desunt
1028 4039 1128 4099 testes
1145 4035 1315 4116 exquibus

147 4146 267 4229 colligi.
283 4146 388 4227 possit
416 4145 531 4227 quibus
559 4145 652 4210 aunis
676 4144 809 4210 Ovidius
837 4143 965 4225 singula
992 4143 1144 4207 Amorum
1174 4142 1316 4208 earmina
