2940 4890
1285 251 1326 315 37

241 427 330 491 Haec
353 426 456 507 primo
482 427 597 490 obtutu
621 426 703 489 mira
728 426 891 505 videntur;
918 431 950 492 ot
974 428 1067 492 decet
1091 446 1247 509 quaerere
1264 448 1328 512 qua

155 535 194 599 de
212 551 309 598 causa
325 532 457 598 Ovidius
478 551 546 597 rem
570 532 751 612 mutaverit,
777 533 869 598 decet
893 553 931 598 eo
948 534 1060 615 magis,
1086 536 1181 617 quod,
1207 537 1260 617 qui
1285 537 1325 602 da

153 641 214 706 hoc
238 641 309 705 loeo
328 639 427 705 verba
442 639 599 719 fecerunt,
618 639 790 704 discrimen
806 641 891 720 quod
908 641 1080 706 intercedit
1095 642 1180 707 inter
1197 642 1327 708 Tibullli

153 754 187 814 et
211 747 316 813 Ovidii
341 746 575 827 descriptiones
599 763 714 825 parum
738 746 819 810 illud
843 752 1055 828 respexerunt
1085 753 1118 813 et
1147 751 1326 814 sententias

152 855 200 919 ita
223 859 260 919 ut
282 853 435 936 leguntur
458 852 615 933 neglectis
641 852 759 918 Tibulli
785 853 880 918 rebus
905 858 938 919 et
963 854 1157 921 carminibus
1185 856 1236 938 ad
1256 875 1326 922 ver-

152 962 226 1027 bum
256 965 381 1025 tantum
411 960 611 1041 explicantes
640 960 673 1024 in
710 979 850 1028 summos
876 979 1013 1042 errores,
1039 981 1111 1028 eum
1134 965 1327 1043 praesertim

152 1087 246 1151 quem
275 1068 384 1132 notavi
407 1086 438 1148 p.
456 1068 508 1147 35,
533 1067 661 1132 deducti
685 1073 769 1133 sunt.

242 1174 447 1256 deprimam
472 1174 600 1257 quidam
629 1178 766 1238 matrem
795 1178 827 1239 et
857 1192 1001 1240 sororem
1026 1175 1143 1240 Tibulli
1172 1174 1231 1239 filii
1260 1175 1325 1240 fra-

152 1282 277 1363 trisque
306 1280 413 1346 iuneri
441 1300 477 1345 re
509 1299 585 1346 vera
614 1279 799 1346 interfuisse
827 1300 886 1361 per
914 1300 949 1346 se
978 1282 1064 1346 credi
1097 1286 1219 1363 potest;
1250 1303 1324 1348 nam

153 1392 403 1455 consentaneum
427 1392 476 1452 est
505 1407 559 1454 eos
588 1389 643 1469 qui
671 1389 908 1453 necessitudine
938 1406 1009 1452 curu
1037 1394 1165 1453 mortuo
1195 1390 1325 1454 coniun-

152 1501 272 1578 guntur
296 1514 480 1576 supremum
510 1493 651 1559 officium
679 1496 706 1560 si
735 1495 872 1559 facultas
904 1495 999 1559 datur
1028 1500 1206 1576 praestare.
1262 1497 1325 1562 Sed

151 1622 215 1668 non
241 1602 431 1668 crediderim
456 1602 516 1666 hoc
540 1602 687 1668 Ovidium
713 1601 846 1666 definite
875 1606 1198 1674 commemoraturum
1224 1602 1340 1668 fuisse-

151 1710 213 1774 nisi
227 1710 313 1774 illius
332 1709 558 1790 descriptionis
576 1708 777 1774 Tibullianae
797 1709 986 1774 recordatus
1007 1713 1101 1774 esset.
1133 1710 1247 1793 Itaque
1259 1709 1324 1775 fac-

151 1823 220 1881 tum
238 1821 287 1882 est
304 1822 350 1896 ut,
371 1836 433 1880 non
454 1817 564 1897 inepte
583 1815 722 1897 quidem,
745 1816 866 1896 passim
883 1820 1009 1880 mutata
1027 1815 1084 1881 illa
1103 1817 1248 1898 epicedio
1266 1837 1324 1883 suo

152 1925 309 1989 insereret
333 1943 371 1989 ea
394 1942 520 2006 quoque
544 1923 671 1987 ratione
694 1928 800 1987 motus
824 1926 861 1986 ut
883 1922 1023 1988 lectores
1047 1924 1325 2007 condicionisque

151 2036 218 2096 tum
253 2049 386 2112 pressus
419 2030 563 2096 Tibullus
599 2047 727 2094 carmen
756 2029 804 2093 ΠΙ
840 2030 1064 2096 suavissimum
1100 2038 1325 2113 composuerat

151 2139 255 2204 denuo
279 2143 433 2203 moneret.
481 2138 518 2202 In
541 2156 578 2203 eo
603 2142 710 2201 autem
737 2156 801 2202 non
825 2137 873 2202 ita
895 2137 1066 2221 haeserim,
1096 2139 1182 2219 quod
1210 2139 1324 2204 ultima

151 2245 236 2310 dona
259 2263 342 2326 quae
370 2245 402 2309 in
433 2246 555 2310 cineres
584 2243 733 2309 feruntur
762 2245 899 2326 legimus
927 2249 1063 2310 matrem
1094 2245 1209 2311 tulisse
1238 2247 1324 2329 apud

151 2351 309 2432 Ovidium,
344 2370 415 2416 eum
446 2351 590 2417 Tibullus
622 2357 753 2434 optaret
779 2357 816 2416 ut
848 2371 941 2418 soror
968 2352 1002 2416 id
1029 2351 1160 2418 faceret.
1209 2353 1321 2435 Neque

150 2459 234 2524 enim
259 2457 392 2524 Ovidius
425 2458 569 2523 chartam
603 2458 693 2524 illam
723 2459 938 2524 Tibullianam
973 2460 1044 2542 ipse
1080 2460 1252 2542 explicavit
1287 2465 1323 2525 ut

150 2570 299 2631 accurate
324 2584 405 2647 quae
430 2564 485 2630 ille
508 2566 685 2646 scripserat
708 2566 832 2647 legeret
849 2572 883 2632 et
905 2567 1007 2648 ipsius
1026 2567 1159 2631 carmini
1176 2586 1233 2631 suo
1249 2568 1320 2632 loco

150 2673 309 2737 insereret
333 2672 538 2753 adverbum,
562 2673 619 2738 sod
635 2675 824 2739 recordatus
848 2675 942 2739 modo
967 2674 1036 2738 eius
1060 2692 1156 2754 quam
1180 2675 1321 2756 descrip-

150 2785 238 2846 serat
267 2780 411 2845 Tibullus
448 2781 644 2846 condicionis
680 2781 712 2876 in
748 2782 932 2848 universum
968 2780 1065 2875 satis¹
1083 2779 1198 2844 habuit
1231 2781 1320 2845 illam

149 2893 312 2970 repetere3
339 2906 439 2970 quare
462 2886 557 2953 facile
580 2887 652 2953 fieri
677 2889 784 2971 potuit
808 2893 844 2954 ut
868 2886 1051 2953 differentia
1067 2888 1224 2970 quaedam
1240 2887 1321 2952 levis

148 2996 319 3077 irreperet.

238 3101 302 3166 Sed
326 3120 364 3166 aa
388 3120 471 3182 quae
495 3106 673 3183 sequuntur
689 3102 731 3184 (v.
751 3103 896 3184 53-58)
921 3101 1085 3184 graviores
1102 3101 1320 3167 dubitationes

148 3215 292 3276 movent:
318 3212 480 3273 certantes
505 3209 637 3274 Ovidius
661 3207 739 3273 facit
762 3209 890 3273 Deliam
914 3213 947 3273 at
963 3208 1125 3274 Nemesim
1148 3209 1182 3274 in
1205 3208 1319 3274 funere

149 3317 268 3382 Tibulli
292 3322 366 3381 utra
389 3316 514 3382 felicior
536 3315 636 3382 fuerit
658 3316 691 3379 in
715 3315 803 3380 illius
827 3334 951 3381 amore:
975 3316 1101 3381 Deliam
1126 3316 1319 3399 gloriantem

148 3426 234 3509 quod
264 3425 370 3491 vivum
398 3426 607 3505 adamaverit,
643 3424 728 3506 quod
757 3423 923 3489 morientis
955 3440 1084 3487 manum
1117 3422 1319 3489 deficientem

148 3534 291 3599 tenuerit
318 3533 491 3598 Nemesim.
549 3532 692 3597 Haecine
720 3532 816 3597 rebus
844 3531 1061 3612 respondent?
1088 3531 1152 3595 iam
1180 3531 1318 3612 primum

148 3642 277 3708 omnino
300 3646 470 3722 utramque
494 3640 621 3704 Deliam
651 3643 684 3703 et
709 3637 870 3703 Nemesim
898 3637 973 3702 huic
1000 3636 1106 3702 funeri
1133 3637 1319 3704 interfuisse

148 3735 336 3814 credamus?
394 3748 500 3829 Atque
535 3745 696 3811 Tibullum
731 3745 859 3827 quidem
896 3749 962 3809 tum
998 3744 1092 3829 (eleg.
1110 3743 1169 3828 ΙΙΙ)
1205 3747 1318 3824 optare

146 3856 292 3937 potuisse
315 3859 352 3919 nt
373 3854 468 3920 Delia
490 3853 640 3919 morienti
664 3852 725 3918 sibi
749 3853 879 3917 adesset
902 3855 1032 3915 nonest
1053 3850 1316 3932 quodmiremur‚

147 3981 219 4027 cum
250 3981 376 4028 amores
404 3963 492 4026 nullo
522 3962 616 4026 modo
646 3960 701 4025 illo
730 3965 875 4040 tempore
902 3957 1025 4023 turbati
1056 3962 1174 4023 essent.
1225 3958 1318 4023 Hanc

147 4074 256 4134 autem
280 4089 307 4134 a.
327 4068 404 4156 735)
412 4071 449 4132 19
475 4088 589 4135 revera
612 4087 795 4151 supremum
821 4065 960 4132 officium
977 4066 1006 4130 ei
1022 4065 1227 4148 praestitisse
1245 4066 1327 4148 quis

104 4194 107 4199 ’
147 4177 267 4259 credat,
294 4196 364 4242 cum
387 4176 517 4243 interim
535 4178 737 4243 condiciones
753 4194 886 4258 prorsus
901 4178 1046 4239 mutatae
1062 4177 1179 4254 esseut,
1201 4190 1317 4255 nempe
