2940 4890
149 229 191 290 64

147 409 291 486 tempore
317 408 350 468 et
373 405 531 487 quomodo
561 422 643 486 quae
671 409 746 485 post
774 409 896 469 sextam
925 403 999 470 libri
1024 403 1155 469 secundi
1180 403 1318 486 elegiam

147 512 180 575 in
205 529 339 592 corpore
357 511 548 592 Tibulliano,
565 512 650 593 quod
673 529 731 576 nos
747 510 912 592 habemus
936 511 1088 594 leguntur
1108 510 1164 574 illa
1181 511 1320 575 maxima

148 637 186 681 ex
210 623 304 699 parte
327 619 437 700 spuria
461 619 603 702 (praeter
625 618 681 683 lib.
706 618 749 683 IV
775 636 818 683 33.
837 621 934 699 2-7,
956 619 1006 699 13,
1034 617 1085 699 14)
1110 612 1258 699 genuinis
1281 617 1321 681 li-

146 724 213 791 bris
237 726 340 806 primo
365 730 397 792 et
421 727 560 792 secundo
585 725 625 790 ab
649 727 718 807 ipso
736 724 861 790 Tibullo
879 729 997 791 antea.
1018 721 1190 789 73511913
1214 723 1318 788 lucem

148 831 272 897 emissis
297 832 423 897 adiecta
447 833 526 912 sint3
551 836 619 896 turn
643 832 676 897 id
700 851 827 914 quoque
851 832 986 913 patebit,
1012 832 1089 914 quid
1112 830 1318 894 iudicandum

147 938 190 1002 sit
217 938 257 1004 de
290 944 512 1021 excerptorum
536 939 755 1005 Parisinorum
784 937 847 1003 fide
871 939 1089 1005 exhibentium
1113 938 1168 1018 „iu
1192 939 1318 1001 3331333ι

147 1042 186 1131 (3.
210 1066 241 1127 p.
255 1046 313 1129 ,61)
338 1065 400 1128 333
424 1047 608 1111 testimonio
632 1047 705 1128 plus
729 1065 831 1128 aequo
849 1045 970 1110 Birtius
994 1045 1055 1109 niti
1078 1044 1157 1109 mihi
1179 1043 1318 1109 videtur.

146 1152 235 1217 Haec
263 1154 409 1235 quaestio
439 1153 608 1218 admodum
639 1153 763 1218 lubrica
792 1157 855 1232 est;
888 1171 926 1217 ac
954 1151 1177 1217 deficientibus
1204 1151 1319 1233 utique

146 1257 214 1324 fere
241 1260 379 1325 testibus
407 1279 521 1326 vereor
548 1280 589 1325 33
618 1265 705 1326 certo
736 1260 904 1325 diiudicari
938 1279 1000 1324 non
1033 1259 1146 1341 possit.
1204 1258 1317 1340 Neque

146 1385 223 1431 vero
248 1366 419 1432 disserenti
443 1368 483 1431 de
506 1367 581 1432 libri
606 1367 736 1433 secundi
761 1367 902 1432 editione
926 1367 957 1430 in
983 1366 1089 1432 animo
1113 1372 1164 1433 est
1184 1385 1318 1432 novam

147 1474 186 1538 de
208 1472 260 1538 his
284 1473 380 1555 rebus
405 1475 626 1556 quaestionem
641 1492 784 1554 movere3
810 1475 867 1539 scd
882 1479 990 1539 tamen
1014 1474 1047 1539 in
1071 1475 1255 1539 universum
1280 1492 1318 1538 ea

147 1600 210 1663 qua
239 1581 374 1647 diximus
405 1601 501 1647 causa
530 1583 609 1648 moti
638 1602 720 1665 quae
753 1582 805 1647 via
833 1581 1043 1663 ingredienda
1070 1600 1142 1647 esse
1169 1581 1323 1647 videatur·

147 1688 333 1752 conabimur
357 1691 587 1755 demonstrare.
628 1690 734 1772 Atque
757 1689 852 1753 huius
876 1689 923 1752 rei
949 1707 1104 1754 summam
1128 1693 1164 1752 ut
1188 1689 1317 1770 saepius

146 1795 257 1860 divina
280 1802 386 1861 mente
411 1797 520 1880 docuit
544 1797 768 1863 Lachmannus
791 1797 840 1862 vir
864 1795 1071 1861 admirandus
1096 1796 1129 1882 (l.
1148 1796 1169 1859 l.
1186 1815 1219 1876 p.
1239 1796 1316 1872 150)

147 1902 201 1983 qui
230 1902 341 1983 paucis
369 1907 407 1968 ut
436 1904 561 1969 solebat
592 1905 648 1970 sed
676 1903 827 1986 gravibus
855 1902 971 1983 verbis,
997 1903 1112 1984 quibus
1136 1901 1317 1967 rationibus

145 2010 299 2073 utendum
324 2015 410 2075 esset
433 2017 469 2076 ut
493 2012 640 2094 quaestio
664 2010 853 2076 difficillima
877 2016 964 2076 recte
988 2011 1176 2090 solveretur,
1195 2008 1317 2093 signifi-

146 2117 238 2184 cavit.
292 2117 419 2183 Monuit
445 2123 552 2182 autem
584 2118 636 2182 hic
665 2117 783 2182 Tibulli
814 2118 955 2182 carmina
985 2137 1056 2182 cum
1080 2117 1193 2182 alienis
1218 2117 1317 2181 mixta

146 2241 216 2288 esse
246 2225 382 2307 cogitari
404 2244 468 2290 non
497 2243 602 2307 posse,
631 2224 846 2307 priusquam¹l
877 2225 1029 2290 Messalla
1057 2229 1202 2289 mortuus
1231 2229 1317 2289 esset

145 2330 196 2395 vel
212 2333 398 2396 memoriam
415 2350 452 2396 ac
468 2330 627 2414 sensum²)
652 2333 824 2397 amisisset.
864 2333 913 2398 De
929 2333 989 2396 hac
1004 2350 1118 2396 norma
1134 2331 1317 2396 acutissime

145 2439 348 2520 praescripta
382 2440 557 2505 cavendum
590 2443 640 2503 est
673 2457 713 2503 ne
741 2439 921 2503 recedatur.
981 2439 1166 2504 Messallam
1199 2444 1317 2518 autem,

146 2565 339 2628 quamquam
360 2546 392 2610 in
408 2547 469 2611 hac
492 2566 528 2611 re
552 2547 709 2628 quaedam
733 2549 860 2611 restant
883 2546 1028 2626 obscura,
1053 2546 1319 2612 verisimillimum

146 2658 196 2717 est
219 2658 379 2722 mortuum
404 2671 475 2720 esse
499 2673 526 2719 a.
546 2656 646 2738 760)7
671 2673 703 2735 p.
729 2653 801 2718 Chr.
834 2653 930 2734 paulo
961 2658 1036 2718 ante
1065 2672 1160 2735 quam
1185 2653 1318 2718 Ovidius

146 2759 261 2824 Tomos
289 2760 500 2842 relegaretur,
531 2761 584 2842 qui
615 2761 775 2843 exsequiis
807 2761 894 2824 illius
923 2758 1159 2845 interfuerat³).
1214 2761 1318 2824 Inter·

145 2866 263 2930 vallum
292 2867 392 2947 igitur
420 2868 533 2949 viginti
564 2886 620 2932 sex
649 2886 806 2932 annorum
835 2867 1009 2932 intercedit
1032 2867 1118 2933 inter
1142 2866 1261 2931 Tibulli
1285 2871 1318 2932 et

146 2971 318 3038 Messallae
335 2973 467 3039 obitum.
508 2975 570 3040 Sed
587 2994 627 3040 ne
643 2974 732 3040 brevi
749 2975 878 3056 quidem
903 2980 1128 3055 postmortem
1145 2972 1318 3039 Messallae

145 3098 258 3145 novam
283 3081 379 3162 primi
403 3086 436 3145 et
460 3083 591 3147 secundi
614 3083 697 3147 libri·
714 3080 889 3147 Tibulliani
903 3068 1047 3163 ¹reliquis
1071 3100 1153 3163 quae
1181 3081 1317 3162 legimus

216 3272 307 3343 1)Η13
332 3274 496 3329 refelluntur
519 3291 698 3345 quaecunque
722 3275 845 3330 Haaseus
874 3276 916 3329 vir
940 3275 1114 3329 doctissimus
1142 3275 1176 3328 de
1203 3290 1317 3344 corpore

146 3362 303 3418 Tibulliano
323 3365 352 3418 in
371 3364 516 3419 Messallae
541 3365 672 3419 societate
696 3368 755 3418 orto
784 3368 813 3419 31
841 3364 957 3419 33113313
982 3364 1102 3418 coniecit
1130 3362 1213 3433 (Berl.
1234 3361 1315 3416 Jahr-

144 3451 223 3506 biich.
238 3452 255 3508 f.
270 3453 341 3506 wiso.
354 3453 445 3508 Kriril
464 3455 478 3507 l
496 3455 589 3523 (1837)
607 3471 633 3523 3.
647 3456 681 3509 39
695 3454 755 3523 sq).

216 3539 240 3610 2]
258 3541 317 3596 Η33
349 3543 436 3597 tradit
470 3543 664 3612 Hieronymus;
694 3542 727 3595 cf.
751 3541 880 3609 Teuffel.
893 3542 970 3596 lilim.
991 3542 1058 3596 Litt.
1079 3538 1241 3609 Gecch.4p.
1255 3541 1316 3605 445,

144 3631 233 3698 §aaa
251 3635 272 3686 1.

215 3718 238 3787 8)
256 3721 385 3789 Legimus
407 3721 477 3775 enim
497 3719 570 3791 apud
588 3719 716 3773 Ovidium
734 3721 807 3791 (epp.
828 3737 859 3774 ex
877 3721 965 3774 Ponto
984 3720 1008 3788 1,
1027 3722 1052 3786 7,
1073 3719 1191 3787 37-30)
1208 3716 1287 3770 haec:

340 3830 382 3863 aec
401 3822 455 3862 ruas
472 3807 636 3880 (Messalin.)
653 3819 688 3859 331
705 3811 800 3874 partitor
818 3828 862 3860 uos
881 3811 1002 3874 irfitiatus
1020 3810 1120 3875 amicos,

374 3903 485 3951 hortator
503 3899 581 3949 studii
598 3918 720 3964 causaque
731 3902 831 3967 faxque
850 3899 908 3959 mei;

341 3992 382 4041 cui
398 4009 442 4041 nos
461 3999 484 4039 et
501 3989 626 4052 lacrimas,
644 4006 779 4054 supremum
798 3988 926 4051 insumere
943 4005 1035 4050 munus,

377 4091 399 4131 31
420 4078 531 4129 dedimus
549 4078 627 4129 medio
646 4078 741 4142 scripta
760 4076 872 4126 canenda
884 4079 956 4144 foro.

145 4165 179 4219 ci.
194 4166 353 4237 Nipperdey
372 4167 389 4222 l.
405 4167 423 4222 l.
443 4166 558 4237 (opusc.)
574 4183 600 4235 p.
617 4168 675 4220 290.
