2940 4890
148 223 189 285 68

148 398 271 479 doctus
313 416 381 460 cum
419 395 603 460 acutissime
636 396 829 460 sententiam
863 395 1104 477 epigrammatis
1143 394 1238 459 huius
1272 394 1320 458 in·

146 504 335 583 allexisset,
362 503 485 568 duobus
509 503 620 583 primis
644 502 735 567 libris
760 503 806 566 eis
831 521 911 584 quos
928 502 1045 567 Tibulli
1070 521 1141 567 esse
1163 502 1322 568 credimus

146 630 211 676 non
235 611 338 676 solum
362 610 506 675 codicum
529 609 586 675 sed
610 609 707 674 etiam
725 609 866 690 ipsarum
890 628 997 673 rerum
1014 610 1207 674 auctoritate
1230 611 1321 691 moti,

147 722 316 782 contentus
339 716 463 783 fuisset.
503 715 651 782 Profecto
677 717 732 798 qui
754 717 835 797 legit
859 735 897 780 ea
920 734 1003 799 quae
1026 717 1075 781 vir
1092 717 1204 782 doctus
1227 737 1260 798 p.
1279 719 1320 781 82

147 844 195 906 sq.
221 824 352 906 exponit
374 842 501 906 semper
524 825 586 888 duo
608 823 770 889 volumina
795 823 977 889 Tibulliana
1005 823 1140 889 laudans
1164 824 1217 889 vix
1241 823 1322 889 diri-

147 931 274 997 naverit
312 950 393 1013 quae
416 929 581 996 molimina
597 935 769 1011 paraturus
794 930 836 995 sit
860 950 890 1010 p.
916 931 979 994 427
997 949 1066 1012 sqq.
1080 928 1102 1014 ¹)
1144 930 1211 994 lam
1235 931 1322 1012 quod

147 1057 245 1120 supra
273 1038 478 1119 exposuimus
508 1037 662 1120 Lygdami
697 1039 839 1102 carmina
871 1056 933 1102 uon
962 1038 1062 1103 multo
1097 1043 1172 1119 post
1203 1037 1321 1102 Tibulli

147 1151 283 1211 mortem
307 1163 326 1209 a
351 1144 450 1210 Sosiis
474 1144 556 1209 libro
581 1145 720 1210 secundo
746 1145 869 1210 adnexa
893 1164 964 1211 esse
987 1165 1045 1226 per
1074 1163 1108 1210 se
1132 1145 1321 1210 incredibile

147 1273 229 1334 esse,
254 1253 287 1317 id
303 1251 463 1316 Martialis
488 1251 729 1332 epigrammatis
754 1252 880 1317 ratione
904 1252 1016 1317 habita
1039 1251 1206 1334 probatur.
1243 1253 1321 1330 Quis

148 1361 233 1427 enim
264 1359 436 1425 crediderit
465 1378 546 1439 eum,
580 1360 606 1423 si
631 1360 662 1423 in
688 1360 827 1425 secundo
856 1359 1017 1424 volumine
1042 1358 1222 1424 Tibulliano
1252 1377 1321 1424 cor-

147 1469 234 1533 mina
256 1466 290 1530 in
315 1466 472 1530 Neaeram
508 1466 630 1548 scripta
658 1467 793 1549 legisset
822 1471 855 1531 et
879 1466 997 1531 Tibulli
1026 1484 1096 1531 esse
1121 1472 1321 1547 compertum

146 1573 327 1653 habuisset,
359 1591 396 1637 eo
426 1591 487 1654 quo
517 1573 700 1653 complexus
731 1579 781 1638 est
808 1578 903 1655 pacto
928 1573 1065 1655 primum
1089 1579 1122 1638 et
1146 1574 1322 1638 secundum

147 1681 264 1747 librum
300 1679 536 1760 complexurum
572 1679 671 1746 luisse
701 1680 833 1746 divitive
860 1680 921 1744 hoc
955 1681 1072 1745 donum
1100 1681 1320 1745 tributurum?

147 1786 261 1851 Nonne
285 1785 519 1852 offenderemur
543 1787 638 1869 quod,
668 1806 738 1852 cum
762 1788 935 1852 interesset
958 1791 995 1851 ut
1019 1806 1175 1852 summam
1200 1778 1321 1853 Tibulli

147 1911 290 1959 amorum
320 1893 339 1956 i.
368 1912 394 1958 e.
424 1893 580 1958 librorum
617 1893 759 1958 breviter
794 1893 970 1972 exhiberet,
1006 1892 1111 1960 facete
1134 1893 1320 1976 significans

148 2000 319 2074 ‚‚Deliam“
345 2004 377 2065 et
401 2000 603 2074 ‚,Nemasira“
628 2001 786 2066 Neaeram
811 2001 907 2082 plane
930 2001 1230 2082 praetermitteret?

237 2105 302 2170 Sed
318 2106 548 2186 dubitationes
567 2125 776 2189 quaecunque
799 2127 837 2172 ex
852 2108 949 2172 Birtii
966 2109 1151 2172 coniectura.
1164 2127 1203 2172 ea
1225 2127 1319 2190 quam

146 2210 356 2279 refutavimus
387 2213 545 2293 oriuntur,
582 2214 671 2295 ipsae
701 2214 872 2278 concidunt
904 2215 931 2278 si
960 2215 993 2278 id
1017 2233 1144 2296 semper
1172 2219 1320 2279 tenemus

147 2320 231 2385 unde
248 2319 383 2401 profecti
407 2337 516 2384 sumus
541 2338 603 2402 quo
621 2320 773 2400 redimus,
791 2321 909 2385 librum
926 2321 1099 2384 secundum
1116 2321 1318 2394 „Nemesim‘

147 2445 167 2490 a
191 2425 316 2492 Tibullo
345 2427 415 2508 ipso
445 2426 478 2490 in
506 2426 610 2491 lucem
642 2428 793 2493 emissum
826 2445 906 2492 esse.
954 2427 1000 2491 Ac
1029 2427 1091 2492 duo
1120 2429 1216 2510 primi
1244 2427 1320 2492 libri

147 2533 313 2615 aliquanto
329 2538 404 2616 post
420 2533 580 2598 Martialis
597 2534 802 2615 (Quintiliani
826 2552 952 2616 quoque
968 2532 1154 2616 fortassel²l
1179 2538 1319 2600 aetatem

146 2673 191 2683 -
222 2639 360 2704 secundo
390 2639 490 2723 igitur
518 2641 546 2704 si
578 2640 723 2705 conicere
751 2641 828 2705 licet
856 2660 886 2722 p.
909 2638 983 2706 Chr.
1014 2639 1143 2706 saeculo
1184 2677 1220 2686 -—
1254 2639 1319 2704 illis

147 2744 234 2809 aucti
257 2750 333 2811 sunt
348 2747 509 2812 variorum
526 2747 720 2828 scriptorum
737 2747 930 2813 carminibus
955 2747 987 2811 in
1012 2766 1121 2811 uuam
1139 2745 1316 2826 informem,

146 2855 183 2915 ut
206 2851 253 2916 ita
281 2853 394 2934 dicam,
427 2853 636 2934 appendicem
666 2853 763 2937 (nunc
789 2854 890 2919 libros
919 2854 1052 2919 tertium
1089 2858 1122 2918 et
1154 2854 1318 2936 quartum)

147 2960 319 3024 contextis:
344 2961 397 3025 Ita
426 2961 510 3026 enim
534 2962 590 3026 illo
614 2966 759 3042 tempore
784 2962 889 3027 editor
912 2961 1086 3047 (nescimus
1111 2960 1196 3045 quis)
1220 2978 1319 3042 quae-

147 3083 271 3147 cunque
288 3067 328 3131 ad
346 3067 506 3133 Tibullum
524 3074 557 3134 ct
544 3068 758 3134 tMessallam
775 3089 832 3150 per
835 3070 938 3135 tinere
953 3068 1106 3135 videbant
1092 3074 1146 3132 tur
1163 3066 1318 3149 colligens

147 3209 188 3218 —
218 3174 285 3239 sive
312 3175 392 3240 haec
421 3177 564 3241 carmina
587 3196 731 3242 seorsum
759 3182 815 3242 ant
817 3196 856 3241 ea
883 3177 947 3240 iam
971 3176 1059 3241 edita
1081 3173 1220 3256 fuerant,
1196 3176 1319 3242 tsive
1379 3203 1382 3210 ·

146 3280 209 3344 alio
227 3282 392 3347 nominet
378 3284 500 3348 tradita
524 3284 592 3349 sive
615 3303 677 3349 uon
703 3285 791 3349 edita
815 3285 879 3349 et'
872 3290 935 3349 nrt
921 3283 1064 3349 tenebris
1087 3283 1192 3348 latt
1121 3287 1192 3348 tetn
1193 3283 1226 3347 ia.
1249 3289 1318 3347 tum

146 3388 283 3469 primum
301 3389 479 3455 edebantur
497 3432 536 3440 -
554 3392 604 3456 vel
621 3391 779 3455 excitatus
804 3392 977 3473 aquodam
1002 3391 1183 3455 litterarum
1208 3393 1318 3454 tutore

146 3493 197 3558 rel
225 3500 340 3576 sponte
370 3499 535 3580 negotium
559 3517 649 3562 suum
685 3497 831 3564 confecit.
891 3497 997 3579 Atque
1027 3498 1105 3563 ordo
1130 3496 1318 3578 appendicis

147 3639 356 3655 “-““”””““·““““Τ-

217 3707 238 3775 1)
258 3707 390 3761 Rationes
410 3725 479 3778 quae
493 3708 675 3764 indercedunt
693 3709 765 3762 inter
782 3708 865 3762 Birtii
884 3710 1059 3779 quaestiones
1079 3725 1125 3762 eas
1144 3723 1213 3777 quae
1233 3707 1314 3777 perti-

145 3798 212 3849 nent
230 3796 265 3850 ad
283 3797 438 3852 Martialem
450 3798 479 3868 (l.
492 3797 510 3851 l.
523 3815 550 3868 p.
564 3800 594 3853 81
611 3797 681 3867 sqq.)
695 3814 795 3867 easque
815 3814 884 3867 quae
904 3798 936 3851 de
956 3798 1103 3852 traditione
1116 3796 1220 3850 Tibulli
1238 3796 1318 3849 iusti-

145 3885 261 3938 tuuntur
279 3886 315 3954 (p.
331 3889 384 3940 426
397 3892 468 3956 sqq.)
486 3902 541 3940 non
560 3888 628 3940 satis
648 3887 775 3940 definitae
795 3902 854 3940 esse
873 3887 1008 3940 ridentur.

215 3972 238 4042 2)
258 3973 342 4039 Quem
362 3975 406 4028 vix
426 3975 587 4030 crediderim
600 3974 738 4029 Tibullum
757 3976 872 4045 primum
886 3975 1037 4042 elegiacum
1056 3974 1133 4029 habit
1121 3978 1214 4028 turum
1233 3973 1318 4028 fuisse

144 4060 220 4128 (inst.
200 4061 321 4128 t.‚orX
344 4065 366 4129 l,
381 4062 434 4131 93),
454 4064 478 4117 si
497 4063 600 4132 elegias
621 4080 688 4132 quaa
702 4063 835 4133 Lygdami
850 4079 908 4117 esse
922 4063 1063 4117 acimuset
1080 4079 1277 4133 panegyrrcum
1289 4078 1319 4115 1n

145 4148 309 4204 Tibullianis
327 4150 450 4219 legisset.
