2940 4890
1278 220 1318 283 73

146 402 288 467 earmina
311 402 375 466 tria
400 401 439 464 ab
464 400 610 464 omnibus
635 419 716 480 quae
741 404 855 481 postea
880 392 1059 480 composuit
1077 398 1222 463 Tibullus
1240 399 1319 463 satis

146 509 355 574 abhorrentia
378 526 505 589 unaque
530 525 568 571 oa
592 525 655 587 qua
679 505 815 570 diximus
840 507 966 570 ratione
982 505 1065 570 libro
1082 507 1186 587 primo
1203 507 1321 570 innexa

146 618 174 680 si
191 610 376 697 excipimus,
403 615 526 696 elegiae
548 631 630 695 quae
653 617 793 694 utroque
814 612 897 676 libro
922 613 1128 676 continentur
1147 632 1211 677 non
1226 615 1319 678 modo

146 724 311 802 nurner0¹)
345 722 442 804 paulo
478 721 714 802 aequabiliores
752 715 922 784 universae
944 713 1107 784 ‘uidentur
1142 738 1227 799 esse,
1264 721 1321 784 sed

147 832 245 897 etiam
279 830 376 895 rebus
410 830 489 911 ipsis
526 847 643 911 magna
678 846 716 892 ex
750 831 845 908 parte
875 824 937 891 sibi
967 826 1174 907 respondent.
1223 826 1321 891 suum

145 943 282 1018 uterque
318 936 461 1002 eontinet
495 954 622 1000 carmen
652 930 848 999 natalicium.
901 937 946 1001 Ac
973 936 1048 999 libri
1072 934 1168 1015 primi
1192 934 1321 1016 quidem

147 1062 275 1109 carmen
304 1042 363 1107 VII
400 1061 469 1105 cum
507 1043 662 1123 scriptum
699 1042 742 1105 sit
779 1041 812 1104 in
852 1042 936 1105 diem
973 1042 1113 1106 natalem
1149 1041 1322 1107 Messallae

147 1149 283 1214 fautoris
307 1149 526 1230 potentissimi
549 1168 613 1213 non
639 1153 688 1212 est
705 1148 790 1229 quod
805 1142 959 1214 miremur
976 1149 1126 1230 >quod-64
1139 1169 1189 1213 vv.
1205 1148 1319 1214 habet:

147 1255 222 1318 libri
232 1254 363 1319 secundi
375 1259 482 1322 autem
494 1254 675 1319 earminell
686 1253 861 1319 Cornutum
871 1256 925 1337 qui
935 1255 1116 1320 celebratur
1128 1254 1320 1320 familiarem

147 1381 205 1426 nec
230 1363 402 1443 oportebat
425 1381 484 1426 nee
507 1363 639 1428 iuvabat
660 1359 815 1443 'pluribus
834 1357 944 1441 effere3
970 1361 1173 1428 sufficiebant
1196 1382 1245 1427 vv.
1269 1364 1321 1426 22.

146 1469 182 1533 In
207 1467 290 1533 line
315 1468 390 1532 libri
424 1469 521 1551 primi
557 1469 698 1550 positum
735 1473 785 1533 est
818 1488 843 1533 c.
868 1470 897 1533 X
927 1471 1012 1551 quod
1041 1471 1146 1552 spirat
1182 1463 1322 1535 animum

148 1595 256 1640 amore
280 1575 364 1640 ruris
388 1576 541 1657 pacisque
564 1576 804 1641 beatissimum:
830 1575 880 1640 oui
904 1577 1012 1641 nescio
1037 1595 1099 1658 quo
1123 1581 1218 1658 paeto
1237 1578 1322 1642 vide·

148 1688 200 1747 tur
224 1683 421 1763 respondere
444 1682 477 1745 id
498 1684 587 1763 ‘quod
610 1683 644 1747 in
666 1681 772 1748 fronte
796 1684 927 1748 secundi
951 1684 1087 1764 legimus
1113 1703 1138 1749 c.
1164 1685 1180 1748 1
1202 1683 1322 1750 festum

147 1789 242 1868 diem,
280 1789 334 1869 qui
359 1790 400 1853 ad
423 1808 500 1852 rura
532 1794 668 1870 spectat,
706 1791 873 1856 illustrans
905 1792 1075 1873 ipsumque
1104 1791 1226 1856 ambitu
1257 1811 1323 1856 non

147 1897 221 1979 plus
258 1913 360 1975 aequo
396 1896 435 1960 ab
471 1894 527 1960 illo
557 1896 719 1962 abhorret.
772 1898 909 1962 Restant
939 1899 1130 1980 gravissima
1153 1893 1323 1980 utriusque

146 2004 223 2068 libri
259 2003 409 2083 carmina,
435 2002 549 2067 Deliae
577 2003 672 2085 primi
701 2003 832 2068 secundi
856 2005 1029 2071 Nemeseos
1059 2010 1213 2087 quattuor
1243 2006 1323 2071 haec

146 2111 202 2174 illa
238 2111 393 2191 quinque,
435 2110 566 2175 secundi
602 2110 729 2192 singula
764 2130 897 2193 quoque.
926 2114 1071 2194 (praeter
1096 2112 1137 2196 V)
1173 2132 1323 2178 versuum

147 2237 280 2282 numero
315 2218 447 2281 minora.
503 2217 593 2295 Quod
629 2218 682 2298 qui
718 2215 837 2283 factum
873 2220 916 2285 sit
950 2219 1044 2283 facile
1074 2219 1267 2302 intelligitur
1296 2221 1323 2285 si

147 2325 336 2406 respicimus
361 2329 561 2405 quantopere
587 2326 698 2390 Deliae
730 2324 879 2390 differant
904 2346 922 2390 a
946 2326 1121 2392 Nemeseos
1146 2326 1320 2393 amoribus

117 2475 120 2481 -
145 2432 273 2496 Etenim
304 2451 374 2495 cum
405 2433 438 2496 in
464 2432 577 2496 Deliae
601 2434 713 2514 elegiis
738 2433 879 2515 quinque
903 2434 1030 2498 varient
1053 2433 1177 2498 tructus
1203 2434 1322 2517 clades,

147 2539 274 2604 laetitia
299 2557 439 2618 maeror,
471 2556 585 2619 preces
615 2541 865 2622 exsecrationes,
896 2541 1016 2622 illaque
1041 2541 1235 2623 depingatur
1258 2543 1325 2623 pri-

148 2664 233 2716 mum
257 2646 352 2709 vidua
376 2650 443 2710 tum
469 2645 508 2709 ab
537 2651 682 2732 amatore
705 2644 833 2712 irretita
858 2648 995 2729 denique
1019 2651 1121 2728 nupta
1144 2647 1324 2729 -elegiae

151 2751 324 2816 Nemeseos
350 2770 458 2816 omnes
483 2752 632 2833 aequalia
663 2754 786 2819 scilieet
814 2755 923 2820 tristia
954 2754 1135 2820 illustrant:
1179 2754 1325 2820 Tibullus

149 2878 276 2940 semper
300 2863 403 2940 rogat,
429 2878 591 2940 nunquam
609 2861 749 2941 auditur,
774 2862 821 2926 ita
844 2867 881 2926 ut
905 2863 1016 2926 mirari
1035 2860 1103 2927 fere
1125 2863 1230 2943 possis
1248 2881 1325 2944 quo·

149 2966 242 3029 niodo
268 2966 440 3046 contigerit
464 2971 591 3048 poetae,
610 2973 645 3031 ut
668 2986 792 3034 amores
814 2971 868 3050 qui
886 2988 974 3051 spem
991 2967 1113 3032 nullam
1130 2967 1326 3048 praeberent

150 3078 198 3137 tot
228 3073 374 3138 versibus
404 3073 497 3152 (316)
528 3080 779 3155 persequeretur
808 3113 848 3120 -
873 3094 1066 3157 quamquam
1101 3075 1206 3156 ipsum
1241 3075 1325 3140 hunc

150 3199 315 3245 numerum
340 3180 521 3245 minuamus
538 3185 676 3263 oportet,
704 3200 774 3245 cum
799 3182 949 3246 carminis
966 3182 994 3245 V
1011 3180 1151 3243 maxima
1167 3198 1243 3262 pars
1261 3180 1326 3245 alia

150 3293 340 3368 argumenta
364 3292 492 3352 tractet.
540 3287 603 3352 Illa
625 3288 726 3370 igitur
749 3287 920 3353 —Deliae
943 3286 1018 3351 libri
1042 3286 1139 3368 primi
1166 3324 1203 3331 —
1231 3306 1326 3370 argu-

151 3400 260 3458 menta
293 3413 374 3475 quae
404 3394 565 3476 copiosius
594 3395 847 3477 depingerentur
874 3412 932 3476 per
957 3411 991 3458 se
1016 3393 1204 3475 dignissima
1229 3399 1325 3476 atque

150 3500 318 3582 aptissima
329 3499 469 3582 fuerunt,
487 3502 613 3567 haec-
627 3501 799 3567 Nemeseos
814 3501 888 3566 libri
906 3501 1038 3566 secundi
1053 3500 1325 3582 -descriptionis

151 3608 342 3673 varietatem
366 3628 429 3673 non
453 3610 500 3673 ita
525 3612 756 3689 excitaverunt,
783 3614 816 3673 et
839 3609 983 3674 videmus
1009 3609 1116 3673 omnia
1140 3607 1268 3672 efficere
1292 3609 1326 3672 id

150 3720 186 3779 ut
199 3706 281 3778 liber
298 3715 456 3780 secundus
471 3722 504 3780 et
519 3718 661 3781 numeris
679 3723 711 3781 et
728 3717 824 3780 rebus
838 3717 943 3797 primo
961 3717 1064 3779 minor
1078 3713 1180 3779 fieret.
1220 3715 1325 3791 Quare

151 3841 340 3904 persuasum
364 3822 468 3888 habeo
487 3823 718 3904 „brevitatem“
745 3823 839 3888 liuius
864 3842 927 3889 non
951 3823 1045 3886 modo
1070 3839 1133 3885 non
1158 3819 1325 3886 offensioni

223 4071 244 4138 ι)
263 4071 339 4123 Libri
358 4071 439 4138 primi
459 4071 547 4140 elegg.
567 4070 592 4124 X
611 4071 656 4124 III
675 4071 689 4123 I
708 4069 732 4125 V
752 4069 779 4122 II
798 4069 836 4125 VI
855 4069 911 4125 VII
925 4091 958 4115 =
972 4069 1023 4122 564
1038 4083 1080 4120 vv.
1113 4067 1189 4121 Libri
1209 4067 1321 4121 secundi

153 4160 240 4228 elegg.
256 4184 288 4206 =
302 4161 355 4214 42³8
368 4175 411 4212 vr.
