2940 4890
146 205 188 267 72

146 383 233 447 credi
257 386 367 464 potest
382 381 467 446 hunc
482 380 600 446 librum
616 385 737 447 temere
753 381 787 446 in
802 381 905 446 lucem
924 381 1074 446 emissum
1092 400 1172 463 esse,
1199 383 1320 466 quippe

147 508 240 584 quem
275 493 374 570 poeta
409 488 548 553 ediderit
581 487 652 569 ipse
682 525 721 534 —
751 507 815 552 non
843 490 939 569 paulo
964 495 1039 553 ante
1063 495 1199 555 mortem
1223 492 1320 558 nimis

147 594 342 662 festinanter
365 596 477 661 morbo
495 613 679 679 oppressus,
705 595 762 659 sed
786 595 910 675 aliquot
934 594 1072 661 fortasse
1098 599 1189 663 annis
1214 600 1320 680 prius-

147 721 263 784 qumc
295 704 362 767 vita
394 703 582 768 discederet.
634 701 677 765 llt
711 720 752 766 ne
787 707 854 766 tum
891 703 1028 783 quidem,
1065 705 1092 768 si
1117 706 1320 773 concedimus

147 811 265 875 librum
289 814 365 892 post
388 809 510 875 obitum
536 808 654 873 Tibulli
684 808 724 872 ab
750 808 875 873 editore
895 810 1032 890 quodam
1055 811 1089 874 in
1105 811 1208 876 lucem
1226 815 1320 878 omis·

146 936 215 983 sum
241 935 321 997 osse,
347 917 432 999 quod
456 916 661 981 coniecerunt
684 916 731 979 illi
757 917 795 980 de
820 920 908 981 statu
931 916 1095 981 incondito
1112 918 1262 984 universo
1287 921 1320 984 id

145 1025 179 1089 in
214 1024 331 1090 librum
360 1023 445 1088 hunc
477 1022 575 1101 cadit3
613 1024 666 1104 qui
696 1024 822 1105 etipse
846 1024 1019 1088 concinnus
1043 1025 1160 1089 minori
1184 1027 1320 1091 ambitui

146 1133 192 1197 ita
215 1131 403 1212 respondet,
430 1135 465 1194 ut
490 1130 603 1207 editor,
629 1130 656 1194 si
681 1131 731 1194 cui
747 1128 863 1195 fuisset
879 1149 974 1196 curae
998 1131 1115 1196 librum
1138 1151 1176 1196 ex
1193 1132 1320 1199 schedis

146 1237 232 1302 Albii
263 1242 368 1302 morte
392 1236 540 1317 oppressi
563 1236 684 1317 publici
708 1236 787 1300 iuris
811 1235 927 1317 facere,
964 1239 1010 1302 nil
1034 1239 1096 1302 nisi
1120 1240 1321 1321 simplicissi-

146 1363 232 1410 mum
256 1362 371 1409 munus
395 1343 503 1408 subire
528 1347 639 1424 posset
662 1343 746 1424 quod
772 1345 897 1425 accepit
920 1344 1108 1426 opusculum
1128 1364 1223 1427 quam
1247 1366 1321 1428 per·
1354 1413 1356 1417 ,

147 1451 357 1517 lectissimum
380 1454 418 1514 ut
446 1454 517 1515 erat
544 1451 705 1530 integrum
734 1451 768 1514 in
792 1451 955 1531 publicum
983 1453 1146 1517 reddendi.
1173 1453 1322 1518 —Tum

147 1564 255 1623 autem
284 1559 311 1622 si
340 1558 374 1622 in
403 1558 558 1622 librorum
584 1556 701 1621 Tibulli
725 1557 821 1638 primi
847 1562 880 1622 et
903 1559 1035 1624 secundi
1059 1559 1249 1640 argumenta
1272 1561 1321 1623 in-

146 1665 381 1747 quisiverimus,
404 1683 442 1728 cx
459 1663 652 1747 comparatis
669 1663 885 1744 intelligemus
903 1666 1061 1746 quomodo
1077 1664 1198 1730 factum
1214 1667 1257 1731 sit
1280 1672 1318 1732 ut

147 1772 305 1837 secundus
330 1771 484 1837 ambitum
513 1773 617 1853 primo
648 1771 779 1835 dimidio
804 1769 872 1836 fere
896 1773 1050 1838 minorem
1074 1772 1235 1849 haberet
1269 1774 1320 1838 Ti.-

147 1880 253 1945 bullus
277 1880 361 1943 enim
386 1898 457 1943 cum
481 1900 509 1944 a.
529 1877 651 1964 727127
677 1877 793 1942 librum
818 1881 982 1959 primum
1007 1880 1164 1944 edendnm
1181 1885 1319 1961 curaret,

148 2004 356 2068 quaecunque
379 2004 481 2067 usque
505 1988 546 2052 ad
568 1986 663 2051 huius
688 1986 763 2049 anni
788 1990 974 2051 autumnum
999 1987 1176 2068 scripserat
1195 1989 1228 2052 in
1244 1988 1321 2054 libri

146 2091 280 2158 formam
296 2093 439 2175 redegit;
465 2113 527 2175 quo
543 2093 663 2158 factum
688 2074 798 2172 estut,
824 2111 904 2174 quae
929 2112 964 2158 re
984 2094 1204 2161 diversissima
1228 2101 1321 2161 orant

148 2219 187 2266 ea
206 2200 376 2265 voluminis
400 2205 508 2265 tamen
532 2201 635 2266 vinclo
654 2200 810 2264 communi
829 2199 1113 2281 coniungerentur:
1139 2202 1263 2284 elegiae
1287 2203 1320 2268 in

147 2307 331 2372 Marathum
356 2307 497 2389 scriptae
520 2312 587 2373 tres
611 2308 656 2371 IV
680 2306 757 2371 Vlll
780 2306 835 2388 Ill,
861 2325 988 2371 carmen
1009 2308 1038 2371 ll
1063 2310 1146 2390 quod
1171 2307 1320 2376 tim0rem

146 2413 224 2479 belli
247 2415 359 2496 reique
382 2415 524 2480 rusticae
547 2416 701 2496 pacisque
726 2432 866 2477 amorem
884 2415 1040 2496 depingit,
1066 2414 1190 2497 elegiae
1207 2415 1320 2482 Deliae

147 2522 287 2603 quinque
311 2520 359 2585 ΙΙΙ
374 2521 433 2586 IV
457 2521 489 2585 ΙΙ
512 2522 566 2602 VI,
592 2522 699 2603 elegia
715 2520 774 2585 VII
798 2521 838 2588 ob
861 2520 1016 2586 honorem
1040 2521 1213 2587 Messallae
1237 2521 1320 2588 com..

146 2630 269 2711 posita3
295 2633 416 2711 quanta
439 2630 597 2694 varietas!
646 2627 766 2692 Contra
790 2628 822 2692 in
845 2627 928 2692 libro
953 2629 1118 2693 secundo
1142 2647 1194 2694 res
1210 2628 1320 2695 'multo

147 2735 359 2817 simpliciores
383 2741 419 2800 ut
444 2736 547 2801 dicam
570 2735 734 2818 leguntur:
760 2736 864 2816 primo
881 2736 950 2800 loco
968 2736 1109 2817 positum
1126 2742 1178 2813 est
1192 2755 1323 2815 carinen

147 2842 233 2922 quod
252 2842 458 2907 Ambarvalia
475 2842 629 2923 illustrat,
654 2846 832 2924 sequuntur
857 2843 961 2923 elegia
984 2842 1176 2907 brevissima
1192 2844 1225 2907 in
1236 2843 1322 2910 *Gor-

146 2949 216 3013 nuti
252 2949 346 3013 amici
379 2949 462 3013 diem
491 2952 635 3016 natalem
662 2950 857 3030 interposita
881 2953 1034 3030 quattuor
1059 2949 1186 3031 elegiae.
1205 2950 1322 3016 111111

146 3056 175 3120 V
198 3056 244 3120 VI
278 3057 310 3119 in
342 3057 457 3138 quibus
486 3057 632 3122 Nemesis
662 3057 801 3122 occurrit
825 3056 880 3139 (ad
904 3075 998 3138 quam
1022 3057 1055 3120 in
1079 3057 1107 3120 V
1132 3058 1259 3140 quoque
1284 3079 1322 3124 en

146 3162 210 3229 alio
235 3169 424 3247 argumento
448 3163 612 3246 profectus
642 3169 778 3228 exeunte
802 3168 909 3228 tamen
934 3164 1019 3227 redit
1043 3162 1212 3247 Tibulluslss
1248 3166 1322 3243 Qui

145 3270 229 3334 liber
263 3276 300 3335 ut
334 3290 467 3336 numero
497 3271 672 3336 carminum
702 3272 749 3335 ita
776 3270 872 3335 rebus
904 3289 985 3352 quae
1015 3271 1236 3353 depinguntur
1265 3272 1321 3337 illo

146 3378 250 3443 minor
286 3383 335 3443 est
370 3384 468 3461 atque
502 3378 645 3444 inferior.
700 3377 882 3458 scripserat
912 3377 1115 3458 adulescens,
1152 3383 1189 3442 ut
1223 3396 1326 3461 supra,

146 3486 192 3566 (p.
214 3486 256 3549 24
281 3487 343 3566 sq.)
368 3486 590 3551 demonstrare
614 3485 721 3549 conati
750 3486 887 3562 sumus,
907 3484 1052 3549 Tibullus
1082 3490 1149 3550 tres
1179 3484 1253 3551 illas
1289 3487 1322 3550 in

146 3592 329 3656 Marathum
366 3611 501 3674 puerum
527 3593 657 3674 elegias,
695 3608 784 3671 quae,
822 3596 1018 3673 quamquam
1049 3610 1111 3656 non
1137 3592 1258 3656 diutius
1278 3592 1322 3656 'in

148 3700 268 3765 talibus
315 3700 514 3781 argumentis
555 3698 746 3764 versabatur
788 3700 949 3781 pauloque
987 3704 1063 3780 post
1106 3699 1145 3763 ad
1188 3699 1324 3764 meliora

148 3805 201 3889 (el.
227 3807 257 3870 X
281 3808 365 3889 sqq.)
390 3807 573 3887 accedebat,
610 3811 718 3869 tamen
755 3824 824 3870 cum
853 3805 970 3871 librum
995 3806 1140 3871 editurus
1165 3807 1323 3870 essetin-

148 3915 250 3979 seruit
274 3915 525 3996 quodquoniam
543 3919 768 3996 composuerat
785 3914 900 3978 edendi
917 3914 993 3977 data
1008 3911 1163 3978 facultate
1180 3912 1323 3978 retinere

148 4020 266 4104 noluit3
303 4022 417 4103 quibus
453 4022 532 4103 (246
557 4021 620 4102 vv.)
657 4023 785 4102 copiose
823 4021 994 4085 admodum
1030 4020 1201 4101 descriptis
1238 4021 1324 4102 quod

145 4129 345 4210 respondeat
379 4129 412 4192 in
447 4130 586 4195 secundo
624 4128 707 4193 libro
743 4126 865 4193 frustra
893 4127 1049 4210 requiras.
1101 4127 1191 4192 Haec
1215 4132 1323 4192 autem
