2940 4890
1251 229 1292 292 25

123 403 235 486 elegiis
260 403 505 483 Alexandrinos
531 423 666 485 qnorum
683 403 822 485 vestigia
849 403 881 467 in
907 403 1024 469 ceteris
1049 423 1114 469 non
1139 404 1292 488 extant1),

122 511 283 575 imitatum
318 527 403 588 esse3
435 509 641 575 verisimilius
671 493 771 593 ig'itur
799 529 854 576 eas
884 516 1000 592 poetae
1030 511 1166 577 discenti
1198 530 1294 592 quam

123 617 209 683 omni
233 636 273 681 ex
296 621 390 697 parte
413 615 557 697 perfecto
581 617 691 682 tribui.
731 617 874 682 Hillerus
899 624 1006 683 autem
1029 620 1079 683 vir
1102 618 1295 683 humanissi-

123 743 193 803 mus
218 724 272 804 qui
296 728 395 805 negat
411 723 446 805 (l.
462 725 482 788 l.
500 745 531 806 p.
551 726 628 808 816)
648 743 686 788 ex
701 723 761 790 hac
778 743 814 789 re
837 726 1051 807 probabiliter
1075 744 1186 791 ansam
1211 726 1294 792 sumi

124 832 166 897 ad
189 830 328 895 Marathi
346 830 468 912 elegias
484 835 573 896 ante
592 831 704 896 Deliae
719 833 885 912 ponendas
904 837 936 897 et
954 837 1063 899 monet
1079 833 1294 898 imitationem

123 938 413 1004 Alexandrinorum
444 937 477 1001 in
505 937 576 1018 ipso
602 957 627 1004 c.
646 937 706 1002 VH
734 936 847 1019 elegiis
874 937 988 1002 Deliae
1019 938 1200 1019 posteriore
1229 924 1294 1019 legi

126 1083 163 1090 -
183 1063 257 1108 nam
274 1044 371 1109 verba
388 1043 600 1129 „Memphiten
619 1045 771 1130 plangere
792 1046 882 1108 docta
898 1045 1024 1108 ὸουεφηιι
1042 1045 1083 1126 (v.
1103 1045 1159 1128 28)
1177 1044 1294 1109 hausta

124 1169 194 1217 esse
225 1169 264 1214 ex
293 1149 480 1216 Callimachi
509 1149 601 1232 frgm.
628 1153 703 1216 176:
739 1149 887 1230 „eddviocv
916 1149 1035 1234 ψάλιον
1061 1151 1183 1234 ταῦρον
1211 1149 1293 1235 ἰηλε-

152 1261 162 1281 ‘
221 1259 240 1289 “
273 1294 307 1305 m
324 1275 461 1322 uereor
484 1276 560 1321 num
588 1262 676 1322 recte
706 1255 884 1336 collegerit.
944 1256 1090 1338 Namque
1123 1258 1150 1322 si
1179 1276 1294 1338 reapse

124 1364 269 1429 Tibullus
294 1363 324 1428 h.
343 1364 364 1427 l.
383 1362 613 1428 Callimachum
637 1364 705 1428 sive
730 1362 862 1427 consilio
892 1362 959 1427 sive
989 1382 1065 1430 casu
1090 1369 1220 1429 secutus
1244 1370 1295 1430 est
1332 1420 1336 1431 ,

123 1471 238 1536 hocine
261 1489 327 1536 nou
350 1470 414 1535 iam
438 1470 556 1551 probat
573 1470 606 1534 id
624 1488 753 1534 carmen
770 1472 917 1551 tempore
941 1471 981 1535 ad
1006 1469 1148 1534 Maratbi
1174 1469 1294 1551 elegias

124 1578 256 1660 propius
281 1578 435 1642 accedere
459 1576 653 1658 praesertim
677 1577 704 1640 si
728 1576 863 1658 respicis
881 1577 1040 1641 Tibullum
1065 1578 1106 1642 ad
1130 1577 1190 1643 hoc
1211 1564 1294 1642 com·

123 1685 306 1767 ponendum
329 1703 391 1748 non
417 1683 520 1765 ipsius
545 1682 641 1748 rebus
670 1683 793 1747 intimis
821 1689 943 1749 motum
972 1702 1043 1749 esse
1073 1684 1129 1749 sed
1157 1681 1294 1749 fautoris

105 1793 176 1857 xdie
200 1791 314 1873 natali,
340 1810 433 1873 quem
460 1789 672 1872 grandiloquo
697 1794 734 1855 ut
757 1791 858 1856 dicam
883 1791 977 1855 modo
1008 1790 1151 1855 celebrat
1175 1791 1229 1871 qui
1255 1791 1294 1856 ab

125 1898 225 1980 ipsius
254 1898 416 1962 scribendi
445 1902 562 1962 natura
591 1897 762 1963 admodum
795 1897 918 1962 alienus
949 1895 1038 1973 est²l
1089 1898 1195 1978 Atque
1224 1917 1294 1961 cum

126 2009 349 2086 argumentum
386 2023 457 2069 eum
491 2009 634 2071 moveret
672 2010 710 2070 ut
743 2005 936 2087 Aegyptum,
972 2004 1028 2069 ubi
1052 2004 1205 2069 Messalla
1240 2023 1293 2069 res

127 2115 283 2192 gesserat,
309 2111 491 2176 luculenter
514 2110 694 2177 illustraret
718 2110 844 2175 facilius
872 2109 943 2174 fieri
967 2114 1074 2192 potuit
1097 2116 1134 2174 ut
1158 2110 1295 2176 Alexan·

126 2218 209 2284 drini
234 2221 350 2299 poetae
375 2218 497 2300 aliquid
522 2220 656 2283 carmini
680 2237 737 2285 suo
767 2218 934 2284 insereret.
987 2219 1078 2295 Quod
1108 2219 1208 2300 igitur
1236 2220 1294 2283 im-

124 2326 307 2407 pedimento
337 2346 399 2392 non
430 2333 479 2392 est
509 2328 585 2409 quin
621 2328 731 2393 multis
767 2327 859 2391 annis
893 2329 967 2408 post
1002 2324 1124 2406 elegias
1153 2326 1294 2390 Marathi

125 2435 336 2516 compositum
372 2453 442 2499 esse
479 2453 608 2500 carmen
643 2453 815 2499 sumamus.
875 2434 943 2511 Quo
974 2450 1027 2498 res
1059 2451 1186 2513 quoque
1215 2432 1294 2496 mihi

124 2546 272 2621 spectare
297 2541 456 2606 videntur.
507 2543 636 2608 Etenim
660 2543 746 2624 quod
769 2541 917 2623 plerique
946 2537 1082 2604 credunt
1112 2540 1294 2612 „Tibullum

125 2649 167 2711 od
189 2649 243 2712 bos
258 2649 395 2734 frivolos
419 2649 504 2712 laesus
523 2661 597 2734 post
619 2650 733 2714 Deliae
757 2672 894 2713 amoram
918 2669 987 2720 cam
1010 2658 1133 2709 vacaret
1155 2647 1294 2710 meliori-

124 2754 178 2816 bus
202 2756 339 2819 sensibus
362 2779 417 2820 nec
438 2756 576 2841 puellam
599 2757 721 2822 liaberet
744 2756 880 2820 delatum
910 2751 1026 2831 esae“³)
1052 2752 1129 2817 mihi
1154 2753 1292 2835 quidem,

124 2879 316 2943 quamquam
341 2864 438 2927 certis
454 2864 559 2929 causis
583 2881 641 2927 nec
665 2861 793 2927 defendi
809 2880 868 2926 nec
884 2860 1020 2926 refutari
1044 2864 1161 2940 potest,
1186 2878 1244 2940 per
1260 2879 1295 2925 se

124 2967 268 3049 ineptum
291 2968 428 3039 videtur.
474 2969 517 3033 Et
541 2969 707 3034 credamus
733 2969 893 3034 Tibullum
919 2988 987 3033 cum
1012 2966 1084 3030 cX
1108 2967 1295 3031 amoenissi-

124 3093 211 3138 munr
240 3080 273 3140 et
304 3076 417 3141 Deliae
445 3076 566 3159 elegias
596 3077 736 3159 quinque
765 3095 879 3142 suaves
911 3074 1101 3141 confecisset
1132 3079 1200 3138 turn
1228 3074 1294 3139 sive

74 3242 77 3249 ,
124 3185 199 3246 aute
235 3182 302 3248 sive
337 3189 412 3264 post
450 3203 476 3247 c.
499 3184 560 3249 Vll
591 3184 708 3248 librum
743 3203 772 3248 a.
796 3181 919 3269 raalai
958 3181 1145 3263 priusquam
1185 3181 1295 3245 ederet

124 3287 266 3353 Marathi
290 3289 402 3370 elegiis
428 3296 591 3372 tamquam
608 3291 842 3355 cumulavissel
882 3290 967 3366 Quas
984 3305 1177 3368 quamquam
1201 3305 1294 3351 nemo

124 3399 223 3477 negat
247 3396 365 3463 Tibulli
394 3398 534 3463 animum
564 3397 689 3480 spirare
718 3398 826 3478 potius
857 3396 1048 3461 crediderim
1077 3394 1141 3457 iam
1169 3393 1295 3474 pridem

195 3623 219 3693 ¹)
237 3623 386 3693 Perperam
405 3626 510 3679 iudicat
528 3624 679 3679 Hanlrelius
697 3625 727 3695 (l.
741 3623 782 3692 l.]:
803 3629 859 3687 ‚uls
877 3628 906 3676 ob
925 3625 991 3675 nicht
1009 3623 1057 3674 alle
1075 3622 1191 3687 Elepieen
1210 3621 1253 3673 dea
1270 3623 1294 3673 1.

123 3712 221 3764 Baetes
241 3715 339 3784 darauf
354 3717 492 3778 kinwiesen,
512 3716 570 3782 dass
590 3715 672 3768 Tituli
691 3715 731 3767 die
749 3714 935 3767 Alexandriam
945 3713 1044 3779 fleissip
1061 3710 1165 3761 studiari
1183 3710 1252 3760 dul.“

194 3799 217 3868 ²)
234 3801 298 3855 Non
317 3803 409 3873 inepte
433 3803 538 3856 iudicat
556 3802 612 3855 Leo
636 3801 665 3870 tl.
679 3801 697 3856 l.
710 3819 735 3871 p.
750 3803 809 3871 lab
834 3802 902 3865 „Wo
927 3821 952 3854 er
973 3802 1064 3868 pelebrt
1087 3799 1159 3866 wird,
1183 3798 1218 3848 da
1242 3798 1296 3848 tritt

124 3909 152 3942 cr
169 3908 216 3941 aas
237 3892 326 3942 acinam
351 3892 440 3944 Kreise
463 3893 514 3943 aad
536 3893 617 3943 macdt
640 3893 678 3942 ein
701 3892 824 3943 ddlzcrnes
849 3892 952 3945 Godana
976 3891 1020 3940 wie
1043 3888 1090 3939 das
1112 3906 1142 3937 zu
1161 3887 1295 3938 Messallus

126 3979 311 4044 securamen
349 3979 427 4044 Quod
446 3983 537 4034 tamen
555 3994 609 4033 non
629 3980 669 4033 ita
687 3981 793 4048 accipio
813 3982 844 4033 ut
868 3981 975 4034 credam
996 4011 1027 4020 -
1049 3978 1079 4028 ut
1097 3974 1247 4029 Teuffelius
1267 3978 1295 4028 et

123 4067 273 4122 Hankelius
294 4099 325 4109 -
346 4085 455 4124 carmen
474 4085 535 4122 cum
554 4069 686 4123 vilissimo
706 4070 871 4140 panegyrico
890 4085 971 4138 posse
991 4064 1149 4137 comparari.

195 4155 218 4226 ³)
237 4157 312 4211 Haec
331 4159 395 4212 sunt
413 4158 525 4212 Disscni
542 4157 573 4229 (l.
586 4158 605 4212 l.
618 4175 643 4228 p.
658 4158 729 4226 XX).
