2940 4890
1242 281 1281 345 51

113 453 264 519 extremis
288 453 405 518 aetatis
434 453 527 517 armis
552 453 713 518 Tibullum
742 453 912 534 scripsisse
938 457 1022 537 quod
1053 457 1162 524 multis
1190 458 1280 538 locis,

112 561 200 655 velut
223 559 276 639 IV,
303 561 333 639 2,
353 560 371 621 9
397 563 431 622 et
453 558 506 638 IV,
526 559 556 640 2,
578 559 617 622 13
642 558 804 640 Propertii
827 578 939 624 versus
963 566 1073 626 aetate
1096 564 1282 644 prioresll,
1396 597 1401 608 ·

115 668 142 746 1,
163 669 180 730 7
207 671 240 730 et
264 665 306 730 IV
331 665 369 748 (V
386 664 444 745 L.),
471 666 500 742 2,
521 665 563 727 45
587 669 716 729 secutus
741 670 836 730 esset.
879 665 919 730 lc
943 667 971 731 si
995 687 1055 748 per
1079 688 1114 735 se
1131 670 1283 736 dubitan-

112 774 188 839 dum
212 778 262 837 est
288 791 364 837 num
393 771 432 836 de
460 771 694 837 imitationibus
722 771 817 836 buius
847 772 974 838 illiusre
1002 779 1118 855 poetae
1148 778 1283 860 cogitari

110 879 209 944 liceat
232 878 280 960 (cf.
300 880 354 961 n),
379 878 480 943 multo
504 878 607 959 magis
631 877 813 944 diffidamus
837 884 975 962 oportet,
1006 881 1033 944 si
1057 901 1095 947 ea
1119 902 1201 964 quae
1218 877 1283 949 tali

110 987 237 1051 ratione
260 987 466 1050 inveniuntur
489 985 586 1050 rebus
611 985 691 1067 ipsis
715 1005 794 1067 quas
818 985 898 1051 satis
924 993 1103 1070 compertas
1126 987 1283 1053 babemus

109 1099 300 1177 repugnant.
361 1093 453 1171 Quod
480 1093 567 1158 cadit
593 1093 628 1156 in
652 1091 762 1157 Olseni
791 1094 1006 1174 quaestiones.
1066 1096 1146 1161 Nam
1171 1106 1282 1177 quam*

110 1220 206 1283 quam
229 1201 257 1266 si
280 1201 415 1281 respicis
443 1200 532 1281 prius
561 1199 646 1280 quod
674 1199 785 1264 attulit
813 1200 861 1265 vir
891 1200 1003 1266 doctius
1034 1202 1213 1284 exemplum
1244 1221 1282 1266 err

109 1308 308 1389 temporibus
333 1306 413 1371 nihil
438 1307 545 1371 evadit
570 1304 779 1385 difficultatis,
805 1325 876 1371 cum
900 1313 1026 1374 constet
1053 1309 1217 1391 Propertii
1244 1308 1283 1372 li·

109 1415 202 1480 brum
242 1414 415 1479 secundum
456 1413 578 1477 editum
614 1432 685 1478 esse
724 1414 939 1495 compluribus
977 1415 1070 1481 annis
1109 1420 1282 1498 antequam

110 1522 254 1586 'libullus
281 1521 361 1585 haec
392 1520 531 1602 elegidia
560 1527 780 1602 componeret,
814 1523 976 1603 posterius
1002 1541 1134 1604 prorsus
1164 1541 1281 1588 vanum

109 1625 179 1696 est.⁴
219 1629 349 1694 Etenim
378 1647 449 1693 cam
476 1627 640 1709 Propertii
668 1627 750 1709 liber
779 1633 912 1709 quartus
942 1630 1084 1710 (quintus
1109 1630 1159 1715 1..)
1188 1631 1281 1695 annis

109 1735 233 1823 realta
260 1774 299 1782 —
326 1733 404 1823 wal
413 1739 451 1800 16
476 1735 614 1816 scriptus
639 1734 692 1815 sit,
718 1732 788 1798 fieri
812 1754 875 1799 non
904 1740 1014 1818 potest
1040 1742 1077 1802 ut
1105 1737 1146 1802 de
1174 1737 1280 1802 imita-

31 1879 33 1882 ·
107 1846 179 1906 tore
204 1841 330 1909 Tibullo
355 1843 515 1925 cogitetur
538 1842 593 1924 qui
618 1837 742 1921 735119
766 1847 912 1907 mortuus
937 1849 996 1908 est.
1043 1844 1081 1909 ld
1105 1848 1213 1908 autem
1238 1845 1279 1910 ad

107 1968 175 2013 rem
199 1968 262 2014 non
289 1951 425 2015 multum
457 1950 545 2014 valet
572 1953 680 2012 utrum
701 1944 762 2012 ‘bic
790 1948 872 2014 liber
896 1968 916 2014 a
940 1950 1110 2031 Propertio
1138 1951 1209 2032 ipso
1239 1969 1280 2015 an

108 2056 148 2121 ab
173 2056 236 2122 alio
266 2058 350 2139 quod
378 2058 524 2140 plerique
556 2056 690 2121 credunt
716 2059 791 2136 post
819 2055 942 2120 obitum
970 2061 1088 2137 poetae
1114 2058 1147 2122 in
1177 2058 1280 2123 lucem

108 2163 244 2229 emissus
268 2166 325 2244 sit;
355 2165 412 2229 sed
434 2164 607 2228 tenendum
638 2168 688 2229 est
715 2162 834 2227 librum
858 2168 933 2228 ante
958 2181 986 2229 a.
1007 2162 1084 2250 738)
1091 2167 1130 2228 16
1160 2165 1280 2230 editum
1391 2176 1396 2183 ’

107 2288 172 2334 non
191 2287 276 2336 esse.
312 2269 410 2335 (luins
434 2271 575 2335 universi
593 2270 738 2336 Tibullus
761 2270 909 2336 notitiam
934 2290 997 2336 non
1022 2271 1148 2349 habuit;
1174 2289 1280 2352 neque

107 2501 328 2556 assentiebantur
344 2499 411 2553 mihi
423 2500 465 2552 vir
478 2500 575 2553 doctus
593 2516 648 2553 non
665 2499 808 2568 persuasit.
841 2499 950 2551 Etenim
963 2515 1012 2568 per
1025 2515 1054 2553 se
1069 2504 1278 2556 consentaneum
1362 2556 1366 2562 ,

107 2595 150 2645 est
167 2594 262 2661 poetas
282 2590 417 2658 elegiacos
435 2589 536 2658 quippe
555 2589 602 2658 qui
621 2591 782 2657 argumenta
802 2588 895 2642 eadem
915 2588 1148 2657 depingerent-
1169 2607 1279 2660 asperas
1322 2654 1323 2657 Ἴ

107 2680 169 2733 dico
181 2679 294 2749 puellas,
313 2680 369 2733 iras
382 2682 541 2746 amatorum,
560 2679 669 2732 morbos
682 2678 799 2744 illarum,
819 2676 916 2730 horum
928 2677 1028 2746 luctus,
1042 2695 1162 2732 amorum
1174 2679 1278 2747 laudes,

104 2767 211 2823 summa
229 2769 330 2837 gaudia
348 2768 403 2822 alia
422 2797 454 2805 -
475 2767 558 2821 verba
577 2783 684 2836 quoque
703 2767 748 2819 vel
771 2766 867 2820 eadem
886 2766 930 2820 vel
954 2766 1054 2820 similia
1078 2783 1177 2837 easque
1201 2785 1280 2837 prae-

105 2859 201 2911 sertim
225 2859 376 2912 sententias
396 2872 465 2927 quae
491 2859 629 2925 tamquam
649 2856 782 2909 solemnes
806 2872 858 2908 usu
877 2855 980 2911 fiebaut
1004 2857 1137 2925 posuisse.
1183 2857 1279 2912 Potuit

107 2950 181 3000 certe
200 2947 333 3014 accidere,
353 2950 384 2998 nt
403 2947 450 3015 qui
469 2961 574 2998 summa
593 2947 670 2999 erant
688 2944 827 3011 memoria,
846 2945 922 2999 velut
936 2940 1066 3013 Ovidius,
1079 2961 1111 2999 ea
1125 2962 1194 3016 quac
1207 2946 1280 3016 apud

105 3035 175 3090 alios
199 3034 325 3103 legerant
352 3035 417 3088 daia
441 3033 573 3087 facultate
597 3049 710 3103 quorum
735 3036 827 3087 essent
853 3049 949 3102 parum
977 3034 1114 3088 recordati
1143 3038 1170 3088 et
1197 3036 1279 3088 inriti

105 3127 245 3194 tamquam
263 3141 313 3193 pro
333 3124 389 3178 suis
402 3122 589 3190 venditarent3
607 3138 695 3192 neque
715 3122 787 3175 enim
801 3121 874 3175 credi
893 3125 985 3191 potest
997 3125 1054 3176 tam
1072 3124 1179 3176 ieiunos
1192 3122 1277 3178 fuisse

105 3213 156 3275 hos
174 3216 270 3283 poetas
289 3216 320 3267 ut
339 3211 463 3267 consulto
483 3211 554 3264 alter
565 3212 599 3265 ab
616 3211 703 3265 altero
717 3211 867 3264 sententias
880 3210 1045 3267 furarentur.
1078 3210 1153 3276 Quae
1167 3212 1277 3281 quidem

105 3305 226 3358 rationes
246 3302 398 3358 ceciderint
415 3302 444 3355 in
462 3301 539 3354 tertii
559 3304 587 3354 et
606 3300 697 3369 quarti
721 3316 748 3368 p.
763 3298 826 3353 Chr.
839 3316 865 3352 n.
879 3299 983 3353 saeculi
1008 3300 1146 3354 versifices
1166 3300 1213 3371 qui
1237 3302 1278 3354 in-

106 3394 180 3462 genii
200 3392 307 3447 steriles
326 3392 381 3461 ipsi
404 3391 532 3444 classicos
559 3392 590 3443 ut
608 3390 648 3444 ita
671 3390 760 3443 dicam
779 3388 928 3457 scriptores
949 3389 1151 3454 exscribebant3
1170 3391 1199 3445 in
1217 3390 1277 3443 hos

106 3485 201 3551 poetas
221 3482 317 3535 cadere
336 3497 390 3534 non
403 3481 540 3535 videntur.
569 3479 605 3532 Et
618 3495 679 3532 cum
691 3479 721 3531 in
732 3477 776 3530 his
790 3477 881 3545 rebus,
895 3477 919 3530 si
932 3477 986 3531 alia
998 3479 1157 3532 testimonia
1170 3478 1277 3544 desunt,

106 3569 297 3624 difficillimum
316 3570 398 3623 immo
416 3569 525 3623 irritum
544 3568 602 3622 lere
621 3569 658 3621 sit
676 3570 738 3620 nter
756 3565 832 3634 prior
850 3567 994 3636 scripserit
1012 3570 1075 3621 uter
1096 3568 1220 3620 imitatus
1240 3567 1277 3619 sit

54 3673 59 3683 ·
106 3660 266 3728 diiudicare,
284 3675 381 3712 uereor
399 3675 433 3713 ne
454 3658 499 3728 qui
520 3672 551 3710 ex
569 3657 612 3711 his
624 3657 690 3725 ipsis
709 3654 814 3724 aliquid
831 3655 961 3722 colligere
975 3655 1068 3712 studet
1080 3656 1114 3710 ad
1129 3657 1277 3711 carminum

104 3748 149 3802 uel
167 3750 355 3802 universorum
374 3748 506 3801 librorum
525 3750 648 3814 tempora
662 3744 823 3811 definienda,
842 3744 907 3797 isin
926 3744 1032 3799 lubrico
1045 3748 1178 3812 versetur,
1197 3759 1275 3812 prae·
1380 3760 1382 3764 ·

105 3839 200 3892 sertim
219 3855 279 3891 cum
299 3853 368 3906 quae
388 3839 464 3892 certa
483 3853 542 3890 esse
561 3836 689 3888 videntur
706 3834 759 3887 hoc
777 3833 858 3886 modo
879 3834 1029 3888 constituta
1047 3850 1101 3887 non
1120 3849 1183 3887 raro
1195 3832 1277 3886 rebus

105 3927 163 3981 sive
181 3927 249 3997 ipsis
269 3927 326 3979 sive
345 3926 400 3979 alia
418 3943 450 3979 ac
470 3925 586 3978 certiore
599 3924 705 3976 ratione
719 3922 828 3976 aliunde
841 3922 965 3991 probatis
976 3923 1139 3991 repugnent.
1168 3919 1277 3973 Mecum

106 4016 243 4069 consentit
270 4015 301 4068 F.
320 4014 407 4085 Spita,
436 4013 575 4074 Deutsche
599 4011 873 4079 Litteraturaeitung,
898 4011 939 4065 IX
957 4010 1051 4079 (1888)
1068 4026 1094 4078 p.
1116 4011 1196 4078 1498,
1225 4007 1276 4061 hae

105 4108 197 4158 autem
214 4105 334 4159 rationes
353 4104 475 4157 lubricae
494 4103 579 4156 nolim
597 4100 798 4155 confundantur
823 4116 884 4153 cum
908 4101 948 4153 eis
973 4115 1039 4169 quas
1063 4098 1150 4167 prirr'ro
1175 4097 1274 4150 obtutu

104 4196 182 4264 patet
201 4210 233 4247 er
252 4197 327 4247 certo
347 4193 461 4247 consilio
482 4195 555 4245 ortas
575 4207 643 4259 esse,
662 4191 738 4244 velut
757 4207 778 4244 s.
792 4207 816 4258 p.
832 4192 865 4244 40
879 4206 940 4258 sqq.

152 4296 156 4302 .
1083 4286 1115 4338 4,
