<?xml version="1.0" encoding="UTF-8"?>
<!DOCTYPE html PUBLIC "-//W3C//DTD XHTML 1.0 Transitional//EN"
    "http://www.w3.org/TR/xhtml1/DTD/xhtml1-transitional.dtd">
<html xmlns="http://www.w3.org/1999/xhtml" xml:lang="en" lang="en">
 <head>
  <title>
</title>
<meta http-equiv="Content-Type" content="text/html;charset=utf-8" />
  <meta name='ocr-system' content='tesseract 3.04.00' />
  <meta name='ocr-capabilities' content='ocr_page ocr_carea ocr_par ocr_line ocrx_word'/>
</head>
<body>
  <div class='ocr_page' id='page_1' title='image "./studiatibullian00ullrgoog_0072.png"; bbox 0 0 2940 4890; ppageno 0'>
   <div class='ocr_carea' id='block_1_1' title="bbox 1278 227 1319 288">
    <p class='ocr_par' dir='ltr' id='par_1_1' title="bbox 1278 227 1319 288">
     <span class='ocr_line' id='line_1_1' title="bbox 1278 227 1319 288; baseline 0.024 -1"><span class='ocrx_word' id='word_1_1' title='bbox 1278 227 1319 288; x_wconf 87' lang='grc'>67</span> 
     </span>
    </p>
   </div>
   <div class='ocr_carea' id='block_1_2' title="bbox 146 402 1316 484">
    <p class='ocr_par' dir='ltr' id='par_1_2' title="bbox 146 402 1316 484">
     <span class='ocr_line' id='line_1_2' title="bbox 146 402 1316 484; baseline -0.003 -14"><span class='ocrx_word' id='word_1_2' title='bbox 146 405 305 470; x_wconf 86' lang='lat' dir='ltr'>Tibullum</span> <span class='ocrx_word' id='word_1_3' title='bbox 329 404 362 468; x_wconf 89' lang='lat' dir='ltr'>in</span> <span class='ocrx_word' id='word_1_4' title='bbox 379 403 540 467; x_wconf 82' lang='lat' dir='ltr'>Nemesim</span> <span class='ocrx_word' id='word_1_5' title='bbox 564 404 685 484; x_wconf 81' lang='lat' dir='ltr'>elegias</span> <span class='ocrx_word' id='word_1_6' title='bbox 710 403 877 483; x_wconf 79' lang='lat' dir='ltr'>scripsisse</span> <span class='ocrx_word' id='word_1_7' title='bbox 894 402 1035 484; x_wconf 91' lang='lat' dir='ltr'>quidque</span> <span class='ocrx_word' id='word_1_8' title='bbox 1060 402 1109 466; x_wconf 92' lang='lat' dir='ltr'>his</span> <span class='ocrx_word' id='word_1_9' title='bbox 1127 407 1316 482; x_wconf 90' lang='lat' dir='ltr'>argumento</span> 
     </span>
    </p>
   </div>
   <div class='ocr_carea' id='block_1_3' title="bbox 146 508 1420 590">
    <p class='ocr_par' dir='ltr' id='par_1_3' title="bbox 146 508 1420 590">
     <span class='ocr_line' id='line_1_3' title="bbox 146 508 1420 590; baseline -0.003 -13"><span class='ocrx_word' id='word_1_10' title='bbox 146 512 261 577; x_wconf 90' lang='lat' dir='ltr'>fuisset</span> <span class='ocrx_word' id='word_1_11' title='bbox 284 510 416 590; x_wconf 83' lang='lat' dir='ltr'>sciebat,</span> <span class='ocrx_word' id='word_1_12' title='bbox 443 510 526 575; x_wconf 91' lang='lat' dir='ltr'>etsi</span> <span class='ocrx_word' id='word_1_13' title='bbox 550 515 716 590; x_wconf 88' lang='lat' dir='ltr'>poetarum</span> <span class='ocrx_word' id='word_1_14' title='bbox 735 509 948 590; x_wconf 89' lang='lat' dir='ltr'>elegiacorum</span> <span class='ocrx_word' id='word_1_15' title='bbox 972 508 1143 574; x_wconf 84' lang='lat' dir='ltr'>admodum</span> <span class='ocrx_word' id='word_1_16' title='bbox 1167 514 1238 574; x_wconf 92' lang='lat' dir='ltr'>erat</span> <span class='ocrx_word' id='word_1_17' title='bbox 1254 513 1321 574; x_wconf 89' lang='lat' dir='ltr'>stu·</span> <span class='ocrx_word' id='word_1_18' title='bbox 1416 532 1420 539; x_wconf 90' lang='lat'><strong>·</strong></span> 
     </span>
    </p>
   </div>
   <div class='ocr_carea' id='block_1_4' title="bbox 146 614 1328 3675">
    <p class='ocr_par' dir='ltr' id='par_1_4' title="bbox 146 614 1328 3675">
     <span class='ocr_line' id='line_1_4' title="bbox 146 614 1318 699; baseline -0.003 -16"><span class='ocrx_word' id='word_1_19' title='bbox 146 620 255 684; x_wconf 90' lang='lat' dir='ltr'>diosus</span> <span class='ocrx_word' id='word_1_20' title='bbox 284 621 521 699; x_wconf 89' lang='lat' dir='ltr'>pentametrum</span> <span class='ocrx_word' id='word_1_21' title='bbox 548 617 659 696; x_wconf 91' lang='lat' dir='ltr'>legens</span> <span class='ocrx_word' id='word_1_22' title='bbox 686 616 917 680; x_wconf 80' lang='lat' dir='ltr'>recordabatur</span> <span class='ocrx_word' id='word_1_23' title='bbox 952 614 1039 679; x_wconf 89' lang='lat' dir='ltr'>illius</span> <span class='ocrx_word' id='word_1_24' title='bbox 1074 634 1186 681; x_wconf 90' lang='lat' dir='ltr'>versus</span> <span class='ocrx_word' id='word_1_25' title='bbox 1222 634 1318 696; x_wconf 92' lang='lat' dir='ltr'>quem</span> 
     </span>
     <span class='ocr_line' id='line_1_5' title="bbox 148 720 1321 804; baseline -0.003 -15"><span class='ocrx_word' id='word_1_26' title='bbox 148 726 220 791; x_wconf 88' lang='lat' dir='ltr'>aliis</span> <span class='ocrx_word' id='word_1_27' title='bbox 245 723 483 789; x_wconf 84' lang='lat' dir='ltr'>condicionibus</span> <span class='ocrx_word' id='word_1_28' title='bbox 507 728 604 803; x_wconf 90' lang='lat' dir='ltr'>poeta</span> <span class='ocrx_word' id='word_1_29' title='bbox 628 723 703 786; x_wconf 90' lang='lat' dir='ltr'>olim</span> <span class='ocrx_word' id='word_1_30' title='bbox 727 723 912 803; x_wconf 83' lang='lat' dir='ltr'>scripserat.</span> <span class='ocrx_word' id='word_1_31' title='bbox 971 720 1043 786; x_wconf 85' lang='lat' dir='ltr'>Sed</span> <span class='ocrx_word' id='word_1_32' title='bbox 1063 722 1122 786; x_wconf 91' lang='lat' dir='ltr'>hoc</span> <span class='ocrx_word' id='word_1_33' title='bbox 1152 723 1207 804; x_wconf 92' lang='lat' dir='ltr'>qui</span> <span class='ocrx_word' id='word_1_34' title='bbox 1234 722 1321 804; x_wconf 91' lang='lat' dir='ltr'>lege·</span> 
     </span>
     <span class='ocr_line' id='line_1_6' title="bbox 149 827 1321 912; baseline -0.003 -16"><span class='ocrx_word' id='word_1_35' title='bbox 149 833 214 912; x_wconf 84' lang='lat' dir='ltr'>bat,</span> <span class='ocrx_word' id='word_1_36' title='bbox 245 831 311 896; x_wconf 89' lang='lat' dir='ltr'>sive</span> <span class='ocrx_word' id='word_1_37' title='bbox 340 828 552 909; x_wconf 83' lang='lat' dir='ltr'>intellegebat</span> <span class='ocrx_word' id='word_1_38' title='bbox 582 830 649 893; x_wconf 89' lang='lat' dir='ltr'>sive</span> <span class='ocrx_word' id='word_1_39' title='bbox 680 848 743 893; x_wconf 92' lang='lat' dir='ltr'>non</span> <span class='ocrx_word' id='word_1_40' title='bbox 777 827 997 909; x_wconf 84' lang='lat' dir='ltr'>intellegebat,</span> <span class='ocrx_word' id='word_1_41' title='bbox 1035 829 1208 910; x_wconf 89' lang='lat' dir='ltr'>plurimum</span> <span class='ocrx_word' id='word_1_42' title='bbox 1243 847 1321 895; x_wconf 89' lang='lat' dir='ltr'>sane</span> 
     </span>
     <span class='ocr_line' id='line_1_7' title="bbox 149 934 1322 1017; baseline -0.002 -14"><span class='ocrx_word' id='word_1_43' title='bbox 149 941 295 1017; x_wconf 90' lang='lat' dir='ltr'>interest,</span> <span class='ocrx_word' id='word_1_44' title='bbox 319 955 374 1002; x_wconf 93' lang='lat' dir='ltr'>cur</span> <span class='ocrx_word' id='word_1_45' title='bbox 391 935 550 1000; x_wconf 86' lang='lat' dir='ltr'>Martialis</span> <span class='ocrx_word' id='word_1_46' title='bbox 567 935 648 999; x_wconf 93' lang='lat' dir='ltr'>miro</span> <span class='ocrx_word' id='word_1_47' title='bbox 664 935 758 1000; x_wconf 91' lang='lat' dir='ltr'>modo</span> <span class='ocrx_word' id='word_1_48' title='bbox 776 953 859 1017; x_wconf 89' lang='lat' dir='ltr'>quae</span> <span class='ocrx_word' id='word_1_49' title='bbox 883 935 985 1015; x_wconf 90' lang='lat' dir='ltr'>primo</span> <span class='ocrx_word' id='word_1_50' title='bbox 1003 934 1118 1000; x_wconf 91' lang='lat' dir='ltr'>obtutu</span> <span class='ocrx_word' id='word_1_51' title='bbox 1136 935 1197 1000; x_wconf 92' lang='lat' dir='ltr'>sibi</span> <span class='ocrx_word' id='word_1_52' title='bbox 1213 936 1322 1001; x_wconf 87' lang='lat' dir='ltr'>viden·</span> 
     </span>
     <span class='ocr_line' id='line_1_8' title="bbox 150 1041 1323 1125; baseline -0.003 -16"><span class='ocrx_word' id='word_1_53' title='bbox 150 1051 202 1110; x_wconf 93' lang='lat' dir='ltr'>tur</span> <span class='ocrx_word' id='word_1_54' title='bbox 227 1060 407 1125; x_wconf 90' lang='lat' dir='ltr'>repugnare</span> <span class='ocrx_word' id='word_1_55' title='bbox 432 1061 470 1106; x_wconf 88' lang='lat' dir='ltr'>ea</span> <span class='ocrx_word' id='word_1_56' title='bbox 494 1043 694 1106; x_wconf 89' lang='lat' dir='ltr'>coniunxerit</span> <span class='ocrx_word' id='word_1_57' title='bbox 718 1041 912 1123; x_wconf 91' lang='lat' dir='ltr'>perspicere.</span> <span class='ocrx_word' id='word_1_58' title='bbox 959 1041 1019 1119; x_wconf 83' lang='lat' dir='ltr'>Qui</span> <span class='ocrx_word' id='word_1_59' title='bbox 1043 1041 1076 1105; x_wconf 94' lang='lat' dir='ltr'>in</span> <span class='ocrx_word' id='word_1_60' title='bbox 1100 1042 1203 1107; x_wconf 89' lang='lat' dir='ltr'>altero</span> <span class='ocrx_word' id='word_1_61' title='bbox 1227 1060 1323 1107; x_wconf 88' lang='lat' dir='ltr'>versu</span> 
     </span>
     <span class='ocr_line' id='line_1_9' title="bbox 150 1147 1322 1230; baseline -0.003 -14"><span class='ocrx_word' id='word_1_62' title='bbox 150 1151 313 1216; x_wconf 91' lang='lat' dir='ltr'>Nemesim</span> <span class='ocrx_word' id='word_1_63' title='bbox 340 1167 458 1214; x_wconf 84' lang='lat' dir='ltr'>vocans</span> <span class='ocrx_word' id='word_1_64' title='bbox 493 1149 608 1230; x_wconf 81' lang='lat' dir='ltr'>ipsam,</span> <span class='ocrx_word' id='word_1_65' title='bbox 645 1148 781 1213; x_wconf 89' lang='lat' dir='ltr'>alterum</span> <span class='ocrx_word' id='word_1_66' title='bbox 818 1165 856 1211; x_wconf 91' lang='lat' dir='ltr'>ex</span> <span class='ocrx_word' id='word_1_67' title='bbox 891 1147 994 1228; x_wconf 92' lang='lat' dir='ltr'>primo</span> <span class='ocrx_word' id='word_1_68' title='bbox 1030 1148 1111 1213; x_wconf 91' lang='lat' dir='ltr'>libro</span> <span class='ocrx_word' id='word_1_69' title='bbox 1141 1148 1322 1213; x_wconf 91' lang='lat' dir='ltr'>Tibulliano</span> 
     </span>
     <span class='ocr_line' id='line_1_10' title="bbox 151 1254 1321 1337; baseline -0.003 -15"><span class='ocrx_word' id='word_1_70' title='bbox 151 1275 280 1322; x_wconf 90' lang='lat' dir='ltr'>sumens</span> <span class='ocrx_word' id='word_1_71' title='bbox 303 1257 344 1320; x_wconf 92' lang='lat' dir='ltr'>ad</span> <span class='ocrx_word' id='word_1_72' title='bbox 368 1255 493 1319; x_wconf 90' lang='lat' dir='ltr'>Deliam</span> <span class='ocrx_word' id='word_1_73' title='bbox 517 1255 732 1336; x_wconf 83' lang='lat' dir='ltr'>pertinentem</span> <span class='ocrx_word' id='word_1_74' title='bbox 757 1255 841 1337; x_wconf 92' lang='lat' dir='ltr'>quod</span> <span class='ocrx_word' id='word_1_75' title='bbox 870 1254 974 1335; x_wconf 92' lang='lat' dir='ltr'>quivis</span> <span class='ocrx_word' id='word_1_76' title='bbox 1003 1254 1198 1336; x_wconf 90' lang='lat' dir='ltr'>simpliciore</span> <span class='ocrx_word' id='word_1_77' title='bbox 1228 1255 1321 1319; x_wconf 92' lang='lat' dir='ltr'>modo</span> 
     </span>
     <span class='ocr_line' id='line_1_11' title="bbox 151 1359 1323 1443; baseline -0.003 -16"><span class='ocrx_word' id='word_1_78' title='bbox 151 1360 332 1443; x_wconf 91' lang='lat' dir='ltr'>significare</span> <span class='ocrx_word' id='word_1_79' title='bbox 349 1361 456 1443; x_wconf 88' lang='lat' dir='ltr'>potuit</span> <span class='ocrx_word' id='word_1_80' title='bbox 471 1361 513 1440; x_wconf 85' lang='lat' dir='ltr'>id,</span> <span class='ocrx_word' id='word_1_81' title='bbox 538 1363 697 1442; x_wconf 49' lang='lat' dir='ltr'>utsspoeta,</span> <span class='ocrx_word' id='word_1_82' title='bbox 721 1359 825 1425; x_wconf 88' lang='lat' dir='ltr'>facete</span> <span class='ocrx_word' id='word_1_83' title='bbox 841 1359 948 1426; x_wconf 90' lang='lat' dir='ltr'>verbis</span> <span class='ocrx_word' id='word_1_84' title='bbox 965 1360 1231 1441; x_wconf 87' lang='lat' dir='ltr'>circumscripsit:</span> <span class='ocrx_word' id='word_1_85' title='bbox 1253 1361 1323 1425; x_wconf 92' lang='lat' dir='ltr'>dico</span> 
     </span>
     <span class='ocr_line' id='line_1_12' title="bbox 152 1466 1324 1549; baseline -0.001 -17"><span class='ocrx_word' id='word_1_86' title='bbox 152 1469 271 1534; x_wconf 92' lang='lat' dir='ltr'>Tibulli</span> <span class='ocrx_word' id='word_1_87' title='bbox 294 1468 395 1533; x_wconf 92' lang='lat' dir='ltr'>libros</span> <span class='ocrx_word' id='word_1_88' title='bbox 419 1468 558 1549; x_wconf 92' lang='lat' dir='ltr'>primum</span> <span class='ocrx_word' id='word_1_89' title='bbox 583 1467 711 1532; x_wconf 80' lang='lat' dir='ltr'>Deliam</span> <span class='ocrx_word' id='word_1_90' title='bbox 735 1467 908 1533; x_wconf 90' lang='lat' dir='ltr'>secundum</span> <span class='ocrx_word' id='word_1_91' title='bbox 932 1468 1107 1542; x_wconf 62' lang='lat' dir='ltr'>Nemesim</span> <span class='ocrx_word' id='word_1_92' title='bbox 1131 1486 1206 1531; x_wconf 92' lang='lat' dir='ltr'>nam</span> <span class='ocrx_word' id='word_1_93' title='bbox 1230 1466 1324 1532; x_wconf 91' lang='lat' dir='ltr'>libri</span> 
     </span>
     <span class='ocr_line' id='line_1_13' title="bbox 153 1573 1323 1658; baseline -0.002 -18"><span class='ocrx_word' id='word_1_94' title='bbox 153 1577 208 1658; x_wconf 89' lang='lat' dir='ltr'>qui</span> <span class='ocrx_word' id='word_1_95' title='bbox 254 1575 337 1640; x_wconf 91' lang='lat' dir='ltr'>dono</span> <span class='ocrx_word' id='word_1_96' title='bbox 385 1575 503 1639; x_wconf 90' lang='lat' dir='ltr'>dantur</span> <span class='ocrx_word' id='word_1_97' title='bbox 543 1575 735 1655; x_wconf 91' lang='lat' dir='ltr'>scriptorum</span> <span class='ocrx_word' id='word_1_98' title='bbox 774 1576 925 1657; x_wconf 92' lang='lat' dir='ltr'>leguntur</span> <span class='ocrx_word' id='word_1_99' title='bbox 967 1576 1000 1641; x_wconf 92' lang='lat' dir='ltr'>in</span> <span class='ocrx_word' id='word_1_100' title='bbox 1039 1573 1323 1657; x_wconf 88' lang='lat' dir='ltr'>epigrammatibus</span> 
     </span>
     <span class='ocr_line' id='line_1_14' title="bbox 155 1680 1324 1763; baseline 0 -19"><span class='ocrx_word' id='word_1_101' title='bbox 155 1683 338 1746; x_wconf 86' lang='grc'><strong>183-196.</strong></span> <span class='ocrx_word' id='word_1_102' title='bbox 378 1681 450 1745; x_wconf 86' lang='lat' dir='ltr'>Alio</span> <span class='ocrx_word' id='word_1_103' title='bbox 475 1685 584 1745; x_wconf 88' lang='lat' dir='ltr'>autem</span> <span class='ocrx_word' id='word_1_104' title='bbox 607 1682 701 1745; x_wconf 94' lang='lat' dir='ltr'>modo</span> <span class='ocrx_word' id='word_1_105' title='bbox 725 1701 800 1745; x_wconf 94' lang='lat' dir='ltr'>num</span> <span class='ocrx_word' id='word_1_106' title='bbox 824 1680 1025 1763; x_wconf 90' lang='lat' dir='ltr'>probabilius</span> <span class='ocrx_word' id='word_1_107' title='bbox 1048 1681 1110 1747; x_wconf 93' lang='lat' dir='ltr'>hoc</span> <span class='ocrx_word' id='word_1_108' title='bbox 1126 1682 1324 1763; x_wconf 91' lang='lat' dir='ltr'>epigramma</span> 
     </span>
     <span class='ocr_line' id='line_1_15' title="bbox 153 1787 1324 1868; baseline 0 -16"><span class='ocrx_word' id='word_1_109' title='bbox 153 1787 331 1868; x_wconf 81' lang='lat' dir='ltr'>explicetur</span> <span class='ocrx_word' id='word_1_110' title='bbox 347 1787 474 1864; x_wconf 81' lang='lat' dir='ltr'>dubit03</span> <span class='ocrx_word' id='word_1_111' title='bbox 500 1792 532 1850; x_wconf 88' lang='lat' dir='ltr'>ct</span> <span class='ocrx_word' id='word_1_112' title='bbox 555 1787 694 1868; x_wconf 90' lang='lat' dir='ltr'>gratiam</span> <span class='ocrx_word' id='word_1_113' title='bbox 717 1787 871 1851; x_wconf 86' lang='lat' dir='ltr'>habemus</span> <span class='ocrx_word' id='word_1_114' title='bbox 894 1787 999 1852; x_wconf 91' lang='lat' dir='ltr'>Birtio</span> <span class='ocrx_word' id='word_1_115' title='bbox 1024 1788 1092 1854; x_wconf 83' lang='lat' dir='ltr'>viro</span> <span class='ocrx_word' id='word_1_116' title='bbox 1116 1788 1324 1868; x_wconf 91' lang='lat' dir='ltr'>sagacissimo</span> 
     </span>
     <span class='ocr_line' id='line_1_16' title="bbox 153 1892 1324 1977; baseline 0 -19"><span class='ocrx_word' id='word_1_117' title='bbox 153 1893 237 1975; x_wconf 89' lang='lat' dir='ltr'>quod</span> <span class='ocrx_word' id='word_1_118' title='bbox 261 1894 383 1975; x_wconf 89' lang='lat' dir='ltr'>primus</span> <span class='ocrx_word' id='word_1_119' title='bbox 407 1893 467 1959; x_wconf 93' lang='lat' dir='ltr'>hoc</span> <span class='ocrx_word' id='word_1_120' title='bbox 492 1899 580 1959; x_wconf 90' lang='lat' dir='ltr'>recte</span> <span class='ocrx_word' id='word_1_121' title='bbox 603 1892 765 1958; x_wconf 86' lang='lat' dir='ltr'>intellexit</span> <span class='ocrx_word' id='word_1_122' title='bbox 790 1894 822 1966; x_wconf 74' lang='lat' dir='ltr'>ll.</span> <span class='ocrx_word' id='word_1_123' title='bbox 839 1893 860 1958; x_wconf 92' lang='lat' dir='ltr'>l.</span> <span class='ocrx_word' id='word_1_124' title='bbox 879 1913 907 1975; x_wconf 91' lang='lat' dir='ltr'>p.</span> <span class='ocrx_word' id='word_1_125' title='bbox 928 1896 968 1958; x_wconf 89' lang='lat'>81</span> <span class='ocrx_word' id='word_1_126' title='bbox 988 1895 1056 1977; x_wconf 83' lang='lat' dir='ltr'>sq.).</span> <span class='ocrx_word' id='word_1_127' title='bbox 1105 1893 1169 1960; x_wconf 85' lang='lat' dir='ltr'>Sed</span> <span class='ocrx_word' id='word_1_128' title='bbox 1192 1894 1324 1976; x_wconf 90' lang='lat' dir='ltr'>paulum</span> 
     </span>
     <span class='ocr_line' id='line_1_17' title="bbox 152 1999 1326 2083; baseline 0.002 -19"><span class='ocrx_word' id='word_1_129' title='bbox 152 2001 411 2083; x_wconf 89' lang='lat' dir='ltr'>progrediamur:</span> <span class='ocrx_word' id='word_1_130' title='bbox 460 1999 621 2066; x_wconf 90' lang='lat' dir='ltr'>Martialis</span> <span class='ocrx_word' id='word_1_131' title='bbox 646 2019 716 2066; x_wconf 92' lang='lat' dir='ltr'>cum</span> <span class='ocrx_word' id='word_1_132' title='bbox 740 2000 800 2066; x_wconf 90' lang='lat' dir='ltr'>hoo</span> <span class='ocrx_word' id='word_1_133' title='bbox 823 2001 918 2066; x_wconf 93' lang='lat' dir='ltr'>modo</span> <span class='ocrx_word' id='word_1_134' title='bbox 942 2001 1059 2066; x_wconf 93' lang='lat' dir='ltr'>librum</span> <span class='ocrx_word' id='word_1_135' title='bbox 1083 2001 1220 2083; x_wconf 92' lang='lat' dir='ltr'>primum</span> <span class='ocrx_word' id='word_1_136' title='bbox 1249 2020 1326 2082; x_wconf 90' lang='lat' dir='ltr'>pen-</span> 
     </span>
     <span class='ocr_line' id='line_1_18' title="bbox 153 2107 1325 2190; baseline 0 -18"><span class='ocrx_word' id='word_1_137' title='bbox 153 2113 302 2188; x_wconf 84' lang='lat' dir='ltr'>tametro,</span> <span class='ocrx_word' id='word_1_138' title='bbox 319 2107 507 2173; x_wconf 85' lang='lat' dir='ltr'>hexametro</span> <span class='ocrx_word' id='word_1_139' title='bbox 522 2108 696 2173; x_wconf 90' lang='lat' dir='ltr'>secundum</span> <span class='ocrx_word' id='word_1_140' title='bbox 709 2107 915 2189; x_wconf 85' lang='lat' dir='ltr'>signiticaret,</span> <span class='ocrx_word' id='word_1_141' title='bbox 933 2112 1053 2172; x_wconf 91' lang='lat' dir='ltr'>totum</span> <span class='ocrx_word' id='word_1_142' title='bbox 1071 2108 1209 2190; x_wconf 90' lang='lat' dir='ltr'>quitum</span> <span class='ocrx_word' id='word_1_143' title='bbox 1229 2112 1325 2173; x_wconf 91' lang='lat' dir='ltr'>notus</span> 
     </span>
     <span class='ocr_line' id='line_1_19' title="bbox 154 2212 1324 2295; baseline 0 -17"><span class='ocrx_word' id='word_1_144' title='bbox 154 2219 225 2278; x_wconf 89' lang='lat' dir='ltr'>erat</span> <span class='ocrx_word' id='word_1_145' title='bbox 248 2212 409 2279; x_wconf 89' lang='lat' dir='ltr'>Tibullum</span> <span class='ocrx_word' id='word_1_146' title='bbox 435 2214 618 2295; x_wconf 91' lang='lat' dir='ltr'>complexus</span> <span class='ocrx_word' id='word_1_147' title='bbox 643 2218 707 2293; x_wconf 84' lang='lat' dir='ltr'>est3</span> <span class='ocrx_word' id='word_1_148' title='bbox 741 2219 838 2293; x_wconf 90' lang='lat' dir='ltr'>poeta</span> <span class='ocrx_word' id='word_1_149' title='bbox 862 2213 1003 2278; x_wconf 92' lang='lat' dir='ltr'>enimin</span> <span class='ocrx_word' id='word_1_150' title='bbox 1028 2213 1088 2278; x_wconf 90' lang='lat' dir='ltr'>hac</span> <span class='ocrx_word' id='word_1_151' title='bbox 1112 2213 1324 2295; x_wconf 90' lang='lat' dir='ltr'>apophoreto·</span> 
     </span>
     <span class='ocr_line' id='line_1_20' title="bbox 153 2319 1325 2401; baseline 0.002 -18"><span class='ocrx_word' id='word_1_152' title='bbox 153 2339 224 2384; x_wconf 93' lang='lat' dir='ltr'>rum</span> <span class='ocrx_word' id='word_1_153' title='bbox 256 2320 339 2384; x_wconf 92' lang='lat' dir='ltr'>serie</span> <span class='ocrx_word' id='word_1_154' title='bbox 372 2336 455 2401; x_wconf 90' lang='lat' dir='ltr'>quae</span> <span class='ocrx_word' id='word_1_155' title='bbox 484 2323 610 2400; x_wconf 92' lang='lat' dir='ltr'>spectat</span> <span class='ocrx_word' id='word_1_156' title='bbox 638 2320 679 2384; x_wconf 91' lang='lat' dir='ltr'>ad</span> <span class='ocrx_word' id='word_1_157' title='bbox 708 2320 902 2401; x_wconf 90' lang='lat' dir='ltr'>scriptorum</span> <span class='ocrx_word' id='word_1_158' title='bbox 930 2319 1030 2385; x_wconf 90' lang='lat' dir='ltr'>libros</span> <span class='ocrx_word' id='word_1_159' title='bbox 1062 2321 1129 2386; x_wconf 90' lang='lat' dir='ltr'>sive</span> <span class='ocrx_word' id='word_1_160' title='bbox 1160 2321 1193 2384; x_wconf 94' lang='lat' dir='ltr'>in</span> <span class='ocrx_word' id='word_1_161' title='bbox 1220 2320 1325 2385; x_wconf 90' lang='lat' dir='ltr'>titulis</span> 
     </span>
     <span class='ocr_line' id='line_1_21' title="bbox 155 2425 1325 2508; baseline 0.001 -19"><span class='ocrx_word' id='word_1_162' title='bbox 155 2444 235 2508; x_wconf 88' lang='lat' dir='ltr'>quos</span> <span class='ocrx_word' id='word_1_163' title='bbox 252 2426 322 2506; x_wconf 90' lang='lat' dir='ltr'>ipse</span> <span class='ocrx_word' id='word_1_164' title='bbox 339 2425 504 2505; x_wconf 84' lang='lat' dir='ltr'>inscripsit</span> <span class='ocrx_word' id='word_1_165' title='bbox 528 2426 595 2490; x_wconf 89' lang='lat' dir='ltr'>sive</span> <span class='ocrx_word' id='word_1_166' title='bbox 619 2426 651 2489; x_wconf 90' lang='lat' dir='ltr'>in</span> <span class='ocrx_word' id='word_1_167' title='bbox 675 2425 755 2506; x_wconf 90' lang='lat' dir='ltr'>ipsis</span> <span class='ocrx_word' id='word_1_168' title='bbox 779 2425 1067 2507; x_wconf 90' lang='lat' dir='ltr'>epigrammatibus</span> <span class='ocrx_word' id='word_1_169' title='bbox 1090 2432 1198 2491; x_wconf 93' lang='lat' dir='ltr'>utrum</span> <span class='ocrx_word' id='word_1_170' title='bbox 1221 2431 1325 2491; x_wconf 89' lang='lat' dir='ltr'>totum</span> 
     </span>
     <span class='ocr_line' id='line_1_22' title="bbox 154 2529 1325 2614; baseline 0 -19"><span class='ocrx_word' id='word_1_171' title='bbox 154 2531 346 2612; x_wconf 90' lang='lat' dir='ltr'>scriptorem</span> <span class='ocrx_word' id='word_1_172' title='bbox 369 2529 545 2610; x_wconf 87' lang='lat' dir='ltr'>respiceret</span> <span class='ocrx_word' id='word_1_173' title='bbox 568 2548 608 2594; x_wconf 91' lang='lat' dir='ltr'>an</span> <span class='ocrx_word' id='word_1_174' title='bbox 634 2536 756 2595; x_wconf 87' lang='lat' dir='ltr'>certum</span> <span class='ocrx_word' id='word_1_175' title='bbox 780 2533 967 2614; x_wconf 91' lang='lat' dir='ltr'>opusculum</span> <span class='ocrx_word' id='word_1_176' title='bbox 992 2537 1105 2614; x_wconf 90' lang='lat' dir='ltr'>aperte</span> <span class='ocrx_word' id='word_1_177' title='bbox 1121 2531 1325 2613; x_wconf 85' lang='lat' dir='ltr'>significavit.</span> 
     </span>
     <span class='ocr_line' id='line_1_23' title="bbox 153 2635 1324 2721; baseline 0.004 -23"><span class='ocrx_word' id='word_1_178' title='bbox 153 2635 287 2716; x_wconf 91' lang='lat' dir='ltr'>lamque</span> <span class='ocrx_word' id='word_1_179' title='bbox 320 2654 391 2699; x_wconf 92' lang='lat' dir='ltr'>cum</span> <span class='ocrx_word' id='word_1_180' title='bbox 422 2654 448 2700; x_wconf 89' lang='lat' dir='ltr'>c.</span> <span class='ocrx_word' id='word_1_181' title='bbox 473 2636 534 2699; x_wconf 84' lang='lat'>193</span> <span class='ocrx_word' id='word_1_182' title='bbox 567 2637 758 2703; x_wconf 87' lang='lat' dir='ltr'>inscriberet</span> <span class='ocrx_word' id='word_1_183' title='bbox 792 2638 873 2703; x_wconf 90' lang='lat' dir='ltr'>nihil</span> <span class='ocrx_word' id='word_1_184' title='bbox 907 2638 970 2702; x_wconf 90' lang='lat' dir='ltr'>nisi</span> <span class='ocrx_word' id='word_1_185' title='bbox 1006 2639 1192 2711; x_wconf 80' lang='lat' dir='ltr'>‚‚Ta&#39;ballua“</span> <span class='ocrx_word' id='word_1_186' title='bbox 1228 2643 1324 2721; x_wconf 88' lang='lat' dir='ltr'>atque</span> 
     </span>
     <span class='ocr_line' id='line_1_24' title="bbox 154 2741 1325 2826; baseline 0.003 -22"><span class='ocrx_word' id='word_1_187' title='bbox 154 2759 270 2805; x_wconf 90' lang='lat' dir='ltr'>nomen</span> <span class='ocrx_word' id='word_1_188' title='bbox 294 2741 326 2804; x_wconf 93' lang='lat' dir='ltr'>in</span> <span class='ocrx_word' id='word_1_189' title='bbox 350 2741 421 2823; x_wconf 92' lang='lat' dir='ltr'>ipso</span> <span class='ocrx_word' id='word_1_190' title='bbox 438 2741 671 2823; x_wconf 86' lang='lat' dir='ltr'>epigrammate</span> <span class='ocrx_word' id='word_1_191' title='bbox 691 2747 830 2826; x_wconf 90' lang='lat' dir='ltr'>utroque</span> <span class='ocrx_word' id='word_1_192' title='bbox 846 2744 928 2808; x_wconf 91' lang='lat' dir='ltr'>libro</span> <span class='ocrx_word' id='word_1_193' title='bbox 946 2744 1086 2817; x_wconf 79' lang='lat' dir='ltr'>‚‚Dclia“</span> <span class='ocrx_word' id='word_1_194' title='bbox 1105 2749 1138 2809; x_wconf 92' lang='lat' dir='ltr'>et</span> <span class='ocrx_word' id='word_1_195' title='bbox 1154 2745 1325 2818; x_wconf 73' lang='lat' dir='ltr'>„Ncmcad‘</span> 
     </span>
     <span class='ocr_line' id='line_1_25' title="bbox 153 2847 1326 2932; baseline 0.004 -22"><span class='ocrx_word' id='word_1_196' title='bbox 153 2847 343 2927; x_wconf 87' lang='lat' dir='ltr'>illustraret,</span> <span class='ocrx_word' id='word_1_197' title='bbox 380 2866 444 2914; x_wconf 91' lang='lat' dir='ltr'>non</span> <span class='ocrx_word' id='word_1_198' title='bbox 479 2849 669 2914; x_wconf 90' lang='lat' dir='ltr'>crediderim</span> <span class='ocrx_word' id='word_1_199' title='bbox 698 2867 770 2913; x_wconf 88' lang='lat' dir='ltr'>eum</span> <span class='ocrx_word' id='word_1_200' title='bbox 805 2850 940 2914; x_wconf 90' lang='lat' dir='ltr'>aliorum</span> <span class='ocrx_word' id='word_1_201' title='bbox 977 2850 1063 2915; x_wconf 88' lang='lat' dir='ltr'>illius</span> <span class='ocrx_word' id='word_1_202' title='bbox 1099 2851 1326 2932; x_wconf 89' lang='lat' dir='ltr'>opusculorum</span> 
     </span>
     <span class='ocr_line' id='line_1_26' title="bbox 152 2954 1325 3037; baseline 0.001 -18"><span class='ocrx_word' id='word_1_203' title='bbox 152 2954 301 3020; x_wconf 91' lang='lat' dir='ltr'>notitiam</span> <span class='ocrx_word' id='word_1_204' title='bbox 325 2955 485 3020; x_wconf 91' lang='lat' dir='ltr'>habuisse.</span> <span class='ocrx_word' id='word_1_205' title='bbox 538 2956 649 3037; x_wconf 91' lang='lat' dir='ltr'>Neque</span> <span class='ocrx_word' id='word_1_206' title='bbox 673 2974 749 3021; x_wconf 87' lang='lat' dir='ltr'>vero</span> <span class='ocrx_word' id='word_1_207' title='bbox 774 2956 880 3036; x_wconf 91' lang='lat' dir='ltr'>potuit</span> <span class='ocrx_word' id='word_1_208' title='bbox 898 2955 1026 3022; x_wconf 91' lang='lat' dir='ltr'>habere.</span> <span class='ocrx_word' id='word_1_209' title='bbox 1078 2956 1207 3022; x_wconf 89' lang='lat' dir='ltr'>Etenim</span> <span class='ocrx_word' id='word_1_210' title='bbox 1223 2957 1325 3037; x_wconf 87' lang='lat' dir='ltr'>respi-</span> 
     </span>
     <span class='ocr_line' id='line_1_27' title="bbox 154 3059 1326 3146; baseline 0.002 -20"><span class='ocrx_word' id='word_1_211' title='bbox 154 3061 301 3127; x_wconf 91' lang='lat' dir='ltr'>ciendum</span> <span class='ocrx_word' id='word_1_212' title='bbox 314 3066 364 3126; x_wconf 92' lang='lat' dir='ltr'>est</span> <span class='ocrx_word' id='word_1_213' title='bbox 376 3060 436 3126; x_wconf 93' lang='lat' dir='ltr'>hoc</span> <span class='ocrx_word' id='word_1_214' title='bbox 454 3063 652 3143; x_wconf 88' lang='lat' dir='ltr'>epigramma</span> <span class='ocrx_word' id='word_1_215' title='bbox 668 3059 819 3142; x_wconf 90' lang='lat' dir='ltr'>diviti¹)</span> <span class='ocrx_word' id='word_1_216' title='bbox 837 3063 937 3127; x_wconf 89' lang='lat' dir='ltr'>tribui</span> <span class='ocrx_word' id='word_1_217' title='bbox 954 3068 986 3128; x_wconf 89' lang='lat' dir='ltr'>et</span> <span class='ocrx_word' id='word_1_218' title='bbox 996 3064 1124 3129; x_wconf 87' lang='lat' dir='ltr'>Lucano</span> <span class='ocrx_word' id='word_1_219' title='bbox 1140 3064 1326 3146; x_wconf 90' lang='lat' dir='ltr'>pauperis</span> 
     </span>
     <span class='ocr_line' id='line_1_28' title="bbox 153 3166 1326 3252; baseline 0.003 -20"><span class='ocrx_word' id='word_1_220' title='bbox 153 3169 236 3234; x_wconf 92' lang='lat' dir='ltr'>dono</span> <span class='ocrx_word' id='word_1_221' title='bbox 254 3170 382 3251; x_wconf 90' lang='lat' dir='ltr'>opponi.</span> <span class='ocrx_word' id='word_1_222' title='bbox 422 3169 465 3233; x_wconf 88' lang='lat' dir='ltr'>Et</span> <span class='ocrx_word' id='word_1_223' title='bbox 480 3168 544 3233; x_wconf 89' lang='lat' dir='ltr'>hoc</span> <span class='ocrx_word' id='word_1_224' title='bbox 564 3169 693 3250; x_wconf 92' lang='lat' dir='ltr'>quidem</span> <span class='ocrx_word' id='word_1_225' title='bbox 710 3166 830 3233; x_wconf 82' lang='lat' dir='ltr'>iactum</span> <span class='ocrx_word' id='word_1_226' title='bbox 848 3187 919 3233; x_wconf 90' lang='lat' dir='ltr'>esse</span> <span class='ocrx_word' id='word_1_227' title='bbox 937 3188 1007 3233; x_wconf 93' lang='lat' dir='ltr'>eam</span> <span class='ocrx_word' id='word_1_228' title='bbox 1024 3170 1065 3235; x_wconf 92' lang='lat' dir='ltr'>ob</span> <span class='ocrx_word' id='word_1_229' title='bbox 1082 3189 1221 3250; x_wconf 91' lang='lat' dir='ltr'>causam,</span> <span class='ocrx_word' id='word_1_230' title='bbox 1240 3171 1326 3252; x_wconf 89' lang='lat' dir='ltr'>quod</span> 
     </span>
     <span class='ocr_line' id='line_1_29' title="bbox 154 3274 1327 3359; baseline 0.003 -21"><span class='ocrx_word' id='word_1_231' title='bbox 154 3293 193 3339; x_wconf 88' lang='lat' dir='ltr'>ex</span> <span class='ocrx_word' id='word_1_232' title='bbox 217 3277 354 3358; x_wconf 83' lang='lat' dir='ltr'>Augusti</span> <span class='ocrx_word' id='word_1_233' title='bbox 377 3274 577 3357; x_wconf 90' lang='lat' dir='ltr'>temporibus</span> <span class='ocrx_word' id='word_1_234' title='bbox 602 3294 660 3357; x_wconf 93' lang='lat' dir='ltr'>per</span> <span class='ocrx_word' id='word_1_235' title='bbox 684 3275 888 3341; x_wconf 88' lang='lat' dir='ltr'>intervallum</span> <span class='ocrx_word' id='word_1_236' title='bbox 910 3281 1037 3341; x_wconf 91' lang='lat' dir='ltr'>centum</span> <span class='ocrx_word' id='word_1_237' title='bbox 1053 3296 1209 3343; x_wconf 91' lang='lat' dir='ltr'>annorum</span> <span class='ocrx_word' id='word_1_238' title='bbox 1224 3295 1327 3359; x_wconf 89' lang='lat' dir='ltr'>usque</span> 
     </span>
     <span class='ocr_line' id='line_1_30' title="bbox 154 3381 1326 3465; baseline 0.003 -19"><span class='ocrx_word' id='word_1_239' title='bbox 154 3381 195 3446; x_wconf 91' lang='lat' dir='ltr'>ad</span> <span class='ocrx_word' id='word_1_240' title='bbox 215 3381 374 3447; x_wconf 89' lang='lat' dir='ltr'>Martialis</span> <span class='ocrx_word' id='word_1_241' title='bbox 399 3387 539 3448; x_wconf 87' lang='lat' dir='ltr'>aetatem</span> <span class='ocrx_word' id='word_1_242' title='bbox 562 3382 638 3447; x_wconf 92' lang='lat' dir='ltr'>libri</span> <span class='ocrx_word' id='word_1_243' title='bbox 656 3382 839 3462; x_wconf 90' lang='lat' dir='ltr'>Tibulliani‚</span> <span class='ocrx_word' id='word_1_244' title='bbox 864 3383 986 3463; x_wconf 89' lang='lat' dir='ltr'>primus</span> <span class='ocrx_word' id='word_1_245' title='bbox 1012 3389 1045 3449; x_wconf 89' lang='lat' dir='ltr'>et</span> <span class='ocrx_word' id='word_1_246' title='bbox 1068 3386 1238 3465; x_wconf 86' lang='lat' dir='ltr'>secundus,</span> <span class='ocrx_word' id='word_1_247' title='bbox 1262 3404 1326 3450; x_wconf 90' lang='lat' dir='ltr'>non</span> 
     </span>
     <span class='ocr_line' id='line_1_31' title="bbox 154 3487 1327 3572; baseline 0.003 -21"><span class='ocrx_word' id='word_1_248' title='bbox 154 3488 219 3552; x_wconf 91' lang='lat' dir='ltr'>iam</span> <span class='ocrx_word' id='word_1_249' title='bbox 253 3489 369 3553; x_wconf 91' lang='lat' dir='ltr'>iterum</span> <span class='ocrx_word' id='word_1_250' title='bbox 392 3489 473 3566; x_wconf 85' lang='lat' dir='ltr'>editi</span> <span class='ocrx_word' id='word_1_251' title='bbox 509 3494 617 3555; x_wconf 88' lang='lat' dir='ltr'>essent</span> <span class='ocrx_word' id='word_1_252' title='bbox 651 3490 761 3572; x_wconf 90' lang='lat' dir='ltr'>itaque</span> <span class='ocrx_word' id='word_1_253' title='bbox 796 3489 954 3554; x_wconf 90' lang='lat' dir='ltr'>rarissimi</span> <span class='ocrx_word' id='word_1_254' title='bbox 982 3487 1119 3556; x_wconf 86' lang='lat' dir='ltr'>fuissent</span> <span class='ocrx_word' id='word_1_255' title='bbox 1147 3495 1180 3555; x_wconf 88' lang='lat' dir='ltr'>et</span> <span class='ocrx_word' id='word_1_256' title='bbox 1206 3491 1327 3572; x_wconf 92' lang='lat' dir='ltr'>pretio·</span> 
     </span>
     <span class='ocr_line' id='line_1_32' title="bbox 155 3594 1328 3675; baseline 0.002 -16"><span class='ocrx_word' id='word_1_257' title='bbox 155 3594 284 3675; x_wconf 78' lang='lat' dir='ltr'>sissimi,</span> <span class='ocrx_word' id='word_1_258' title='bbox 314 3599 402 3661; x_wconf 91' lang='lat' dir='ltr'>recte</span> <span class='ocrx_word' id='word_1_259' title='bbox 428 3594 552 3661; x_wconf 92' lang='lat' dir='ltr'>Birtins</span> <span class='ocrx_word' id='word_1_260' title='bbox 581 3597 659 3661; x_wconf 92' lang='lat' dir='ltr'>mihi</span> <span class='ocrx_word' id='word_1_261' title='bbox 689 3597 817 3663; x_wconf 91' lang='lat' dir='ltr'>videtur</span> <span class='ocrx_word' id='word_1_262' title='bbox 841 3596 990 3663; x_wconf 87' lang='lat' dir='ltr'>sensisse.</span> <span class='ocrx_word' id='word_1_263' title='bbox 1037 3596 1105 3662; x_wconf 91' lang='lat' dir='ltr'>Iam</span> <span class='ocrx_word' id='word_1_264' title='bbox 1135 3597 1250 3664; x_wconf 88' lang='lat' dir='ltr'>vellem</span> <span class='ocrx_word' id='word_1_265' title='bbox 1278 3597 1328 3663; x_wconf 87' lang='lat' dir='ltr'>vir</span> 
     </span>
    </p>
   </div>
   <div class='ocr_carea' id='block_1_5' title="bbox 226 3787 1326 3859">
    <p class='ocr_par' dir='ltr' id='par_1_5' title="bbox 226 3787 1326 3859">
     <span class='ocr_line' id='line_1_33' title="bbox 226 3787 1326 3859; baseline 0.001 -18"><span class='ocrx_word' id='word_1_266' title='bbox 226 3787 323 3856; x_wconf 80' lang='lat' dir='ltr'>¹)A1ii</span> <span class='ocrx_word' id='word_1_267' title='bbox 346 3787 427 3842; x_wconf 89' lang='lat' dir='ltr'>aliter</span> <span class='ocrx_word' id='word_1_268' title='bbox 450 3787 483 3842; x_wconf 90' lang='lat' dir='ltr'>de</span> <span class='ocrx_word' id='word_1_269' title='bbox 507 3787 559 3841; x_wconf 87' lang='lat' dir='ltr'>hac</span> <span class='ocrx_word' id='word_1_270' title='bbox 581 3804 612 3842; x_wconf 90' lang='lat' dir='ltr'>re</span> <span class='ocrx_word' id='word_1_271' title='bbox 634 3787 838 3858; x_wconf 86' lang='lat' dir='ltr'>indicaverunt;</span> <span class='ocrx_word' id='word_1_272' title='bbox 863 3803 932 3859; x_wconf 90' lang='lat' dir='ltr'>quae</span> <span class='ocrx_word' id='word_1_273' title='bbox 957 3804 1017 3840; x_wconf 92' lang='lat' dir='ltr'>cum</span> <span class='ocrx_word' id='word_1_274' title='bbox 1041 3790 1069 3842; x_wconf 89' lang='lat' dir='ltr'>in</span> <span class='ocrx_word' id='word_1_275' title='bbox 1092 3791 1252 3841; x_wconf 89' lang='lat' dir='ltr'>transcursu</span> <span class='ocrx_word' id='word_1_276' title='bbox 1276 3804 1326 3842; x_wconf 90' lang='lat' dir='ltr'>nec</span> 
     </span>
    </p>
   </div>
   <div class='ocr_carea' id='block_1_6' title="bbox 49 3876 1328 3948">
    <p class='ocr_par' dir='ltr' id='par_1_6' title="bbox 49 3876 1328 3948">
     <span class='ocr_line' id='line_1_34' title="bbox 49 3876 1328 3948; baseline -0.001 -18"><span class='ocrx_word' id='word_1_277' title='bbox 49 3943 51 3948; x_wconf 89' lang='lat'><em>.</em></span> <span class='ocrx_word' id='word_1_278' title='bbox 154 3877 241 3946; x_wconf 86' lang='lat' dir='ltr'>possit</span> <span class='ocrx_word' id='word_1_279' title='bbox 260 3877 406 3930; x_wconf 88' lang='lat' dir='ltr'>examinari</span> <span class='ocrx_word' id='word_1_280' title='bbox 426 3879 454 3930; x_wconf 86' lang='lat' dir='ltr'>at</span> <span class='ocrx_word' id='word_1_281' title='bbox 471 3876 523 3930; x_wconf 89' lang='lat' dir='ltr'>hoc</span> <span class='ocrx_word' id='word_1_282' title='bbox 541 3876 602 3929; x_wconf 92' lang='lat' dir='ltr'>loco</span> <span class='ocrx_word' id='word_1_283' title='bbox 628 3891 803 3946; x_wconf 86' lang='lat' dir='ltr'>progressum</span> <span class='ocrx_word' id='word_1_284' title='bbox 822 3876 990 3944; x_wconf 85' lang='lat' dir='ltr'>quaestionis</span> <span class='ocrx_word' id='word_1_285' title='bbox 1014 3876 1124 3944; x_wconf 80' lang='lat' dir='ltr'>gravius</span> <span class='ocrx_word' id='word_1_286' title='bbox 1147 3877 1328 3945; x_wconf 84' lang='lat' dir='ltr'>interrumpat</span> 
     </span>
    </p>
   </div>
   <div class='ocr_carea' id='block_1_7' title="bbox 153 3964 1327 4209">
    <p class='ocr_par' dir='ltr' id='par_1_7' title="bbox 153 3964 1327 4209">
     <span class='ocr_line' id='line_1_35' title="bbox 153 3964 1327 4035; baseline 0 -17"><span class='ocrx_word' id='word_1_287' title='bbox 153 3964 332 4034; x_wconf 86' lang='lat' dir='ltr'>multumque,</span> <span class='ocrx_word' id='word_1_288' title='bbox 346 3968 378 4019; x_wconf 95' lang='lat' dir='ltr'>ut</span> <span class='ocrx_word' id='word_1_289' title='bbox 387 3964 567 4035; x_wconf 88' lang='lat' dir='ltr'>probabiliter</span> <span class='ocrx_word' id='word_1_290' title='bbox 579 3964 754 4032; x_wconf 89' lang='lat' dir='ltr'>diiudicetur,</span> <span class='ocrx_word' id='word_1_291' title='bbox 765 3966 883 4033; x_wconf 86' lang='lat' dir='ltr'>pendeat</span> <span class='ocrx_word' id='word_1_292' title='bbox 896 3965 929 4019; x_wconf 87' lang='lat' dir='ltr'>dc</span> <span class='ocrx_word' id='word_1_293' title='bbox 942 3965 1086 4019; x_wconf 87' lang='lat' dir='ltr'>universae</span> <span class='ocrx_word' id='word_1_294' title='bbox 1099 3965 1327 4035; x_wconf 91' lang='lat' dir='ltr'>apophoretorum</span> 
     </span>
     <span class='ocr_line' id='line_1_36' title="bbox 154 4052 1327 4124; baseline 0.001 -19"><span class='ocrx_word' id='word_1_295' title='bbox 154 4052 241 4121; x_wconf 89' lang='lat' dir='ltr'>partis</span> <span class='ocrx_word' id='word_1_296' title='bbox 261 4069 330 4122; x_wconf 88' lang='lat' dir='ltr'>quae</span> <span class='ocrx_word' id='word_1_297' title='bbox 349 4057 456 4124; x_wconf 86' lang='lat' dir='ltr'>spectat</span> <span class='ocrx_word' id='word_1_298' title='bbox 475 4054 509 4107; x_wconf 88' lang='lat' dir='ltr'>ad</span> <span class='ocrx_word' id='word_1_299' title='bbox 534 4053 619 4108; x_wconf 83' lang='lat' dir='ltr'>libros</span> <span class='ocrx_word' id='word_1_300' title='bbox 643 4054 746 4122; x_wconf 88' lang='lat' dir='ltr'>ordine,</span> <span class='ocrx_word' id='word_1_301' title='bbox 769 4054 799 4108; x_wconf 91' lang='lat' dir='ltr'>in</span> <span class='ocrx_word' id='word_1_302' title='bbox 822 4054 971 4124; x_wconf 84' lang='lat' dir='ltr'>appendice</span> <span class='ocrx_word' id='word_1_303' title='bbox 994 4054 1032 4124; x_wconf 85' lang='lat' dir='ltr'>(p.</span> <span class='ocrx_word' id='word_1_304' title='bbox 1046 4056 1081 4109; x_wconf 78' lang='lat'>75</span> <span class='ocrx_word' id='word_1_305' title='bbox 1094 4053 1166 4123; x_wconf 80' lang='lat' dir='ltr'>sqq.)</span> <span class='ocrx_word' id='word_1_306' title='bbox 1190 4054 1327 4123; x_wconf 86' lang='lat' dir='ltr'>copiosius</span> 
     </span>
     <span class='ocr_line' id='line_1_37' title="bbox 157 4145 314 4209; baseline 0 -15"><span class='ocrx_word' id='word_1_307' title='bbox 157 4145 314 4209; x_wconf 87' lang='lat' dir='ltr'>exponetur.</span> 
     </span>
    </p>
   </div>
   <div class='ocr_carea' id='block_1_8' title="bbox 1135 4239 1167 4294">
    <p class='ocr_par' dir='ltr' id='par_1_8' title="bbox 1135 4239 1167 4294">
     <span class='ocr_line' id='line_1_38' title="bbox 1135 4239 1167 4294; baseline 0 -23"><span class='ocrx_word' id='word_1_308' title='bbox 1135 4239 1167 4294; x_wconf 65' lang='lat'>5*</span> 
     </span>
    </p>
   </div>
   <div class='ocr_carea' id='block_1_9' title="bbox 0 0 1486 4890">
    <p class='ocr_par' dir='ltr' id='par_1_9' title="bbox 0 0 1486 4890">
     <span class='ocr_line' id='line_1_39' title="bbox 0 0 1486 4890; baseline 0 0"><span class='ocrx_word' id='word_1_309' title='bbox 0 0 1486 4890; x_wconf 95' lang='lat' dir='ltr'> </span> 
     </span>
    </p>
   </div>
  </div>
 </body>
</html>
