2940 4890
146 242 188 309 36

146 421 271 501 amatis,
298 420 410 486 Deliae
434 424 467 484 ct
491 419 630 500 Nemesi
655 424 822 500 praestare
846 419 989 497 licuissc3
1020 437 1100 500 quas
1125 419 1230 484 etiam¹
1248 437 1317 485 cer·

144 529 265 594 davisse
288 528 322 592 in
345 525 457 591 funere
481 528 547 592 utri
571 526 717 592 Tibullus
741 526 847 590 carior
870 524 1019 590 luisset.“

233 633 302 698 Iam
324 652 417 699 nemo
442 634 571 715 ignorat
593 635 678 698 inter
698 633 756 698 bos
780 650 892 697 versus
909 631 1015 696 Ovidii
1039 636 1071 696 et
1088 631 1206 697 Tibulli
1222 653 1318 715 quos·

145 743 218 807 dam
242 740 297 822 qui
321 740 473 821 leguntur
496 740 529 805 in
558 739 633 804 libri
663 739 758 820 primi
786 738 981 804 carminibus
1005 738 1053 803 ΙΙΙ
1078 743 1111 803 et
1134 738 1149 802 l
1172 740 1317 805 rationes

144 846 355 913 intercedere.
402 846 439 911 In
462 845 508 910 Ill
536 845 620 911 enim
642 845 780 926 legimus
804 846 883 910 hacc
907 845 948 928 (v.
967 846 986 908 3
1006 847 1105 926 sqq.):

341 977 389 1019 me
411 966 489 1018 tenet
512 954 625 1038 iynott's
649 976 776 1038 aeorum
799 952 959 1016 Phaeacia
981 953 1089 1016 terras:

388 1061 542 1124 abstineas
567 1061 684 1133 avidas,
709 1061 800 1124 Mors
818 1082 934 1144 precor
957 1071 1035 1132 atra,
1061 1082 1182 1122 manas.

226 1166 233 1177 “
254 1169 273 1230 5
342 1168 504 1240 abstineas,
530 1166 621 1231 Moe's
645 1179 724 1241 atra,
748 1189 874 1253 precor:
898 1190 960 1230 aon
983 1167 1032 1229 bic
1055 1167 1253 1229 minimam

389 1298 467 1360 quae
491 1274 570 1359 leqat
592 1275 626 1337 in
649 1285 781 1338 maestos
805 1297 875 1337 ossa
896 1284 1023 1358 perusta
1046 1274 1142 1346 sinas,

341 1405 403 1445 non
427 1404 524 1454 soror,
550 1380 698 1466 Assyrios
722 1381 820 1444 cineri
844 1404 922 1466 qaae
943 1382 1037 1445 ¹declat
1061 1382 1169 1445 odores

385 1499 411 1552 et
426 1488 506 1575 fleat
530 1489 632 1573 effusis
656 1500 726 1552 ante
750 1487 892 1573 sepulcra
916 1489 1019 1560 comis,

339 1595 437 1659 Delia
459 1619 523 1660 non
545 1616 691 1682 asqaam3

146 1700 178 1763 in
203 1699 219 1763 Ι
242 1699 320 1765 haec
345 1700 407 1785 (vv.
428 1702 479 1766 59.
500 1700 570 1786 60):

339 1818 366 1871 te
390 1808 545 1891 (Deliam)
570 1821 708 1894 spectem,
733 1832 879 1893 suprema
901 1808 979 1870 mibi
1002 1830 1070 1870 cam
1093 1809 1208 1872 venerat
1227 1809 1314 1888 bora,

322 1937 331 1954 ·
385 1926 412 1979 te
435 1927 554 1980 teneam
577 1917 711 1980 mortens
735 1917 890 2003 dejiciente
913 1938 1018 1977 mana.

235 2020 379 2085 Tibullus
402 2020 504 2102 igitur
527 2022 575 2102 (in
593 2021 654 2105 ΙΙΙ)
676 2042 747 2086 cunr
762 2021 946 2087 Messallam
970 2021 1003 2086 in
1019 2021 1129 2085 Asiam
1146 2026 1314 2086 secuturus

145 2126 303 2208 Corcyrae
326 2131 513 2208 aegrotaret
536 2133 569 2191 ct
598 2129 727 2193 timeret
755 2147 795 2192 ne
822 2128 910 2194 Mors
940 2127 1002 2193 sibi
1031 2128 1315 2209 appropinquaret,

145 2234 293 2299 doluerat
316 2234 402 2315 quod
425 2250 489 2298 nec
507 2238 611 2298 mater
634 2253 693 2300 nec
716 2253 808 2300 soror
831 2252 889 2298 nec
920 2234 1014 2298 Delia
1042 2235 1172 2299 adesset
1199 2240 1236 2298 ut
1263 2253 1316 2299 su-

144 2359 289 2421 premum
314 2338 453 2404 officium
477 2341 505 2405 si
528 2347 673 2407 mortuus
698 2347 784 2406 esset
807 2345 1029 2422 praestarent;
1055 2345 1225 2422 optaverat
1247 2346 1316 2404 tum

145 2447 190 2531 (in
208 2447 235 2530 Ι)
259 2451 296 2511 ut
319 2447 347 2513 si
372 2466 521 2528 suprema
545 2448 624 2513 hora
648 2449 790 2513 venisset
812 2448 926 2512 liceret
949 2448 1011 2514 sibi
1034 2448 1186 2512 morienti
1201 2447 1316 2531 Deliae

144 2572 274 2617 manum
297 2558 419 2618 tenore.

236 2662 341 2742 Atque
369 2667 506 2741 apparet
534 2660 691 2742 Ovidium,
721 2679 803 2742 quae
827 2665 895 2724 tum
920 2660 1146 2741 concupiverat
1170 2659 1317 2724 Tibullus

145 2770 182 2830 ut
201 2767 353 2831 morienti
370 2767 544 2847 evenirent,
569 2774 695 2832 mortuo
720 2785 759 2831 ea
781 2784 818 2830 re
841 2786 918 2832 vera
942 2768 1087 2832 evenisse
1111 2767 1225 2832 iisdem
1248 2765 1318 2831 fere

145 2877 242 2954 atque
265 2873 356 2937 illum
379 2873 413 2937 in
437 2874 580 2955 epicedio
605 2874 736 2939 vocibus
753 2870 924 2938 affirmare.
965 2871 1029 2938 Sed
1045 2892 1149 2954 pauca
1164 2873 1316 2937 mutavit:

145 2998 219 3044 nam
242 2981 327 3061 quod
352 2979 497 3046 Tibullus
522 2981 563 3045 ad
587 2999 730 3046 sororem
746 2981 919 3044 rettulerat
943 2981 1110 3066 „Assyrios
1127 2982 1223 3045 cinai
1239 3003 1318 3066 quae

145 3090 237 3153 dedat
265 3090 394 3152 odores‘
427 3087 559 3154 Ovidius
588 3094 725 3153 matrem
753 3089 786 3152 id
814 3086 929 3153 fecisse
957 3088 1049 3152 dicit:
1080 3100 1200 3163 „maan
1228 3099 1255 3152 et
1282 3090 1318 3151 ia

145 3196 261 3260 maeres
283 3195 394 3258 altimo
417 3197 500 3259 doira
523 3196 623 3270 tulit“‚
650 3216 720 3261 cum
743 3196 829 3278 quod
845 3195 931 3275 apud
947 3193 1107 3259 Tibullum
1124 3195 1157 3260 in
1173 3213 1318 3259 sororem

146 3301 246 3365 cadit:
275 3301 432 3374 „crinibus
460 3302 584 3386 effiest's“
614 3304 699 3367 idem
729 3303 770 3367 ad
800 3302 935 3367 eandem
969 3300 1089 3367 referat
1111 3300 1177 3366 his:
1214 3303 1319 3375 ‚menet

144 3408 307 3472 incestatas
329 3409 486 3473 dilaniata
509 3419 643 3475 comas“.
682 3410 817 3474 Praeter
840 3414 976 3473 matrem
1000 3413 1108 3485 aulem
1125 3413 1158 3473 et
1174 3427 1318 3473 sororem

145 3514 230 3579 sicut
264 3514 409 3579 Tibullus
444 3516 522 3600 (III)
558 3517 634 3581 olim
673 3516 819 3581 voluerat
853 3516 1003 3580 Deliam
1039 3515 1171 3581 Ovidius
1211 3515 1317 3580 funeri

146 3619 332 3687 interfuisse
356 3623 443 3688 dicit.
487 3625 591 3705 Atque
615 3623 694 3688 haec
711 3624 839 3705 quidem
864 3627 997 3704 excepto
1020 3623 1083 3688 levi
1107 3623 1193 3705 quod
1217 3622 1318 3704 signi·

145 3726 309 3794 ficavimus
335 3728 518 3794 discrimine
543 3750 614 3795 cum
631 3731 817 3796 condicione
834 3749 873 3795 ea
888 3749 984 3811 quam
1001 3729 1145 3795 Tibullus
1161 3730 1194 3795 in
1211 3729 1318 3818 elegia

145 3835 193 3899 ΙΙΙ
227 3836 384 3918 attigerat
418 3838 622 3903 consentiunt
657 3839 772 3902 omnia.
832 3837 894 3903 Sed
929 3837 1024 3918 plura
1058 3837 1144 3918 apud
1167 3837 1316 3903 Ovidium

145 3941 309 4023 leguntur:
346 3942 534 4009 Nemesim
562 3964 688 4027 quoque
720 3943 906 4010 interfuisse
936 3948 1095 4008 memorat
1124 3962 1194 4009 cum
1222 3943 1318 4007 Delia

147 4053 323 4114 certantem
347 4056 389 4131 et,
415 4052 500 4133 quod
524 4052 653 4133 gravius
678 4056 736 4133 est,
767 4070 807 4117 ea
832 4052 1017 4133 loquentem
1046 4070 1129 4133 quae
1158 4051 1198 4116 de
1222 4050 1318 4115 Delia

146 4156 292 4237 cogitans
316 4158 462 4224 Tibullus
486 4161 562 4226 olim
586 4163 756 4239 optaverat
778 4159 811 4223 in
837 4157 942 4240 elegia
958 4159 981 4222 l.
