2940 4890
1247 235 1289 298 43

121 411 291 493 refutatur,
313 410 419 479 tamen
438 431 476 477 ea
491 429 617 493 quoque
642 431 724 494 quae
749 411 853 476 critici
877 431 915 477 ex
938 431 987 476 vv.
1006 414 1057 475 57.
1077 412 1117 474 58
1142 410 1175 475 in
1199 431 1290 476 suum

120 538 214 583 usum
232 523 458 584 converterunt
485 519 702 584 examinemus
726 522 864 600 oportet.
912 518 979 581 Iam
1004 518 1088 600 quod
1111 517 1291 583 offendebat

120 626 384 710 Baehrensium)
415 627 581 708 opinatum
604 625 684 690 bace
708 625 806 690 verba
830 625 979 689 Ovidium
1003 625 1030 688 si
1054 626 1229 690 secundum
1253 624 1291 688 li-

122 733 214 797 brum
239 733 359 798 editum
383 729 525 794 novisset
541 731 670 797 Nemcsi
693 752 756 797 non
781 731 976 796 tributurum
1000 731 1099 797 fuisse
1123 752 1186 796 non
1211 751 1291 814 opus

124 845 174 905 cst
197 839 339 905 refutare
364 856 435 902 eum
458 843 583 904 constet
607 857 645 903 en
669 859 716 904 vv.
736 839 788 902 31.
806 839 847 902 32
872 837 957 904 bunc
981 839 1097 903 librum
1122 858 1141 903 a
1165 840 1291 904 Tibullo

122 947 243 1011 uelitum
260 945 373 1027 esse2).
422 945 485 1011 Sed
501 946 571 1027 ipse
588 945 811 1012 Lachmannus
827 945 876 1010 vir
891 946 1189 1026 praestantissimus
1217 947 1291 1012 olim

123 1052 327 1117 dubitaverat
350 1072 425 1116 num
442 1052 587 1117 Tibullus
611 1053 729 1117 librum
753 1053 927 1116 secundum
949 1053 1019 1135 ipsc
1044 1053 1211 1130 edidisset;
1237 1056 1292 1135 qui

122 1159 251 1240 quidem
268 1159 463 1224 sententiam
479 1178 569 1223 suam
585 1164 622 1223 ut
642 1159 768 1225 solebat
789 1159 899 1224 dedita
921 1178 1019 1239 opera
1042 1179 1104 1225 non
1130 1162 1290 1242 exposuit;

123 1267 181 1332 sed
196 1284 299 1347 pauca
322 1284 405 1347 quae
428 1263 506 1330 iecit
530 1267 628 1331 verba
651 1266 774 1331 dehac
798 1284 842 1346 re,
869 1270 902 1330 et
926 1267 960 1330 in
976 1266 1094 1330 Tibulli
1119 1266 1291 1352 editione³)

124 1374 163 1438 ab
199 1374 270 1454 ipso
307 1378 419 1438 curata
448 1377 481 1438 et
509 1378 622 1454 postea
652 1392 722 1436 cum
750 1373 902 1436 iudicium
931 1372 1070 1438 faciebat
1097 1373 1137 1439 de
1163 1375 1293 1440 Disseni

123 1480 391 1560 commentario⁴)‚
409 1480 520 1561 gravia
543 1485 595 1544 sat
619 1486 708 1545 certa
731 1484 807 1543 sunt
830 1499 868 1545 ex
891 1480 1008 1561 quibus
1033 1481 1109 1562 quid
1133 1501 1204 1546 eum
1227 1502 1293 1547 mo-

123 1587 206 1651 verit
234 1591 454 1667 cognoscatur.
503 1587 623 1652 Tamen
646 1587 732 1668 quod
756 1594 866 1652 censet
889 1592 921 1651 et
944 1588 1054 1652 multis
1077 1589 1209 1670 placuit,
1234 1591 1292 1654 mi·

122 1711 194 1756 rum
222 1711 293 1758 esse
321 1694 405 1774 quod
437 1692 569 1758 Ovidius
597 1700 633 1758 ut
658 1713 696 1758 ex
720 1695 822 1774 primo
846 1692 929 1757 libro
955 1694 1135 1760 Tibulliano
1159 1716 1223 1760 non
1247 1697 1293 1760 ita

123 1819 162 1864 ex
179 1799 319 1864 secundo
331 1799 365 1863 in
377 1818 470 1863 suum
485 1818 578 1863 usum
591 1802 748 1882 quaedam
768 1800 971 1880 converterit,
984 1801 1062 1865 milri
1079 1822 1142 1867 non
1160 1804 1292 1868 arridet.

125 1905 257 1986 Iamque
287 1907 433 1986 concedo,
459 1905 487 1970 si
510 1905 658 1970 similiter
688 1927 724 1972 ac
747 1908 843 1989 primi
870 1905 946 1970 libri
970 1907 1142 1972 Tibulliani
1173 1909 1293 1989 elegias

123 2011 172 2075 Ill
196 2018 228 2077 et
251 2013 267 2076 I
290 2012 421 2077 secundi
445 2030 572 2094 quoque
596 2015 751 2095 quasdam
767 2014 901 2079 Ovidius
926 2014 959 2079 in
984 1997 1128 2096 epicedio
1153 2016 1293 2098 exscrip-

125 2118 231 2198 sisset‚
260 2121 479 2184 testimonium
507 2121 608 2186 multo
640 2122 768 2203 gravius
792 2121 934 2187 futurum
959 2141 1029 2187 esse
1054 2142 1116 2205 quo
1139 2122 1295 2204 probetur

126 2223 274 2290 Ovidium
302 2228 380 2292 editi
408 2229 503 2293 huius
531 2229 606 2293 libri
634 2229 782 2293 notitiam
811 2230 978 2310 habuisse;
1004 2231 1132 2312 gravius
1157 2230 1228 2294 dico
1252 2267 1294 2274 -—

125 2350 197 2395 nam
227 2334 312 2413 quod
336 2335 367 2399 in
392 2355 421 2402 v.
440 2338 479 2400 31
505 2336 642 2418 legimus
666 2353 725 2417 per
749 2355 784 2400 se
808 2338 888 2401 satis
913 2357 1010 2417 grave
1035 2342 1093 2402 est.
1141 2337 1183 2401 Et
1206 2337 1295 2401 aliud

125 2438 262 2502 accedit:
281 2441 399 2504 etenim
416 2443 443 2506 si
461 2443 649 2524 respicimus
667 2443 815 2508 Ovidium
839 2444 870 2507 in
896 2463 934 2508 ea
958 2444 1177 2509 tantummodo
1201 2449 1294 2526 parte

125 2544 261 2626 epicedii
288 2565 371 2627 quae
399 2554 525 2629 spectat
553 2551 594 2613 ad
621 2548 756 2615 feminas
786 2555 940 2632 quattuor
967 2570 1116 2632 supremo
1148 2551 1180 2615 in
1205 2550 1293 2615 illum
1366 2547 1371 2556 '

121 2733 123 2737 Ι
196 2742 217 2810 ¹)
236 2745 327 2806 „Deua
346 2742 463 2792 reddrend
482 2761 507 2791 er
525 2740 626 2808 (Ouid),
646 2761 683 2792 am
703 2742 749 2792 den
769 2743 846 2793 Leser
864 2762 897 2794 on
915 2743 1008 2797 Tibulle
1021 2745 1108 2794 Poesie
1126 2764 1155 2795 zu
1174 2745 1294 2807 erinaeru,

124 2832 224 2882 manclre
233 2832 389 2885 Situotionea
408 2832 459 2882 uod
467 2832 611 2881 Ausdriicl‘e
631 2830 673 2881 des
692 2841 769 2882 ersten
782 2833 878 2883 Buclres
891 2834 1012 2899 pesclu'ckt
1025 2835 1170 2896 verauertlrea
1190 2835 1296 2886 erinnert

125 2937 151 2968 er
170 2938 203 2968 aa
213 2923 286 2984 Jenes
309 2920 385 2970 ‹lucrclr
408 2921 463 2971 lcein
487 2922 590 2986 einzipes
616 2921 698 2982 Wort;
712 2924 748 2986 ja
771 2941 797 2972 er
819 2923 873 2985 ¹qelt
904 2923 928 2972 in
952 2923 1039 2972 seineru
1058 2922 1139 2988 Eifer,
1164 2923 1298 2975 tibullz'sclre

125 3007 322 3058 Reminisceozeu
345 3010 517 3074 aneribre'npeu,
542 3027 568 3060 so
587 3011 649 3071 weit,
675 3029 696 3060 u.
710 3011 743 3060 57
763 3010 803 3060 die
821 3010 931 3062 Nemesis
953 3029 1025 3076 seyen
1048 3030 1078 3060 zu
1101 3012 1193 3064 lassent
1219 3012 1297 3076 „quid

125 3096 172 3145 tibi
188 3097 287 3163 (Delio)
305 3108 360 3148 sunt
379 3115 433 3147 mea
452 3098 551 3147 damona
571 3098 668 3148 dolori?
691 3117 726 3148 me
745 3101 820 3149 tenuit
838 3099 942 3150 moriens
961 3099 1085 3162 deficiente
1109 3106 1207 3162 ercanw‘,
1232 3100 1296 3150 nicht

124 3185 203 3250 qrade
224 3186 355 3251 pllielclicb,
379 3186 414 3234 da
442 3185 522 3238 Tibull
544 3187 617 3237 selbst
640 3205 673 3237 an
697 3188 775 3239 Delio
798 3187 863 3236 diere
888 3186 970 3237 Worte
987 3188 1111 3250 Ι,1,6θ.·
1139 3199 1179 3251 „te
1203 3199 1296 3239 terreum
1353 3242 1355 3246 Α

125 3273 229 3323 lreoriene
248 3275 373 3339 deficiente
391 3280 482 3326 munu“
499 3276 614 3341 pericliter
632 3277 705 3328 latta
738 3276 833 3326 Diese
852 3276 1066 3341 urtpesclrickte
1085 3278 1296 3329 Rerniniscenz

126 3364 231 3414 wdrde
255 3365 355 3415 Tibull
374 3366 580 3416 nimmermelrr
604 3366 795 3430 anpebraclr
818 3366 929 3426 laben,
954 3365 1037 3415 britte
1061 3366 1117 3416 ilum
1141 3367 1218 3417 ouclr
1237 3367 1297 3417 dus

125 3453 230 3505 aweite
248 3453 336 3503 Bucl
354 3455 445 3505 selon
465 3454 662 3520 vorpelepea“
681 3452 710 3521 (l.
726 3452 744 3506 l.
758 3456 811 3522 μ’(
827 3453 886 3522 eqd.

196 3538 219 3608 ²)
237 3540 434 3594 Baehrensium
452 3558 594 3611 perperam
613 3543 738 3611 sequitur
757 3543 898 3596 Doncieux
915 3543 979 3613 (1.1.
995 3561 1021 3614 p.
1040 3547 1069 3598 11
1085 3561 1112 3598 n.
1130 3544 1164 3612 2).

198 3627 222 3696 ³)
239 3646 265 3698 p.
281 3633 328 3684 44:
350 3670 373 3692 „.
398 3673 404 3685 .
425 3673 431 3685 .
452 3669 458 3682 .
483 3633 526 3696 qui
548 3632 610 3682 lunc
634 3634 720 3686 librum
743 3632 935 3702 (Lygdamum)
961 3652 1013 3684 cum
1035 3635 1140 3684 secundo
1164 3645 1186 3685 et
1209 3646 1296 3700 quarte

126 3718 212 3780 edidit,
228 3730 286 3784 post
304 3720 393 3770 obitum
416 3720 514 3783 Tibulli,
534 3723 584 3771 nisi
593 3722 692 3789 fallor:
706 3733 770 3773 certo
791 3723 894 3774 Ovidius
912 3741 987 3787 neque
1006 3724 1031 3772 in
1050 3724 1160 3788 epistolia
1178 3741 1253 3788 neque
1272 3725 1296 3775 in

126 3807 235 3872 epicedio
259 3807 351 3861 Tibulli
369 3827 398 3860 ex
417 3810 452 3860 eis
471 3810 600 3874 quicquam
620 3811 729 3861 imitatus
747 3822 789 3874 est,
810 3813 875 3877 quod
894 3823 973 3863 tumen
989 3821 1077 3876 postea
1096 3829 1169 3877 saepe
1181 3814 1271 3881 fecit.“

196 3895 220 3965 4)
239 3897 283 3950 Kl.
298 3897 374 3952 Schr.
392 3914 419 3966 p.
438 3900 501 3953 154:
531 3900 594 3962 „wir
612 3901 717 3950 mdclrten
738 3900 803 3950 nicht
826 3901 939 3966 plaudere,
959 3901 1019 3950 dass
1038 3899 1103 3951 Ouid
1120 3902 1171 3951 sein
1193 3900 1297 3952 Gediclrt

125 3988 174 4053 auf
188 3985 269 4037 Tz'bull
288 3988 333 4038 cleo
353 3994 437 4052 spicer
455 3988 673 4054 lerauspepebenen
687 3990 803 4052 Elepieen
816 3990 894 4040 dieses
908 3991 1024 4040 Diclters
1035 3995 1130 4056 qemdss
1143 3990 1297 4054 ciupericlitet

127 4074 189 4124 liobe
211 4076 308 4139 (ausser
331 4076 459 4142 ollensulls
483 4078 507 4127 ia
531 4077 584 4127 dem
603 4077 700 4127 Numen
719 4078 830 4128 Nemesis
846 4082 896 4148 fiir
917 4079 1026 4145 Glycera,
1046 4077 1092 4146 [de
1112 4093 1165 4145 qua
1183 4093 1212 4129 re
1230 4077 1263 4129 cf.
1277 4078 1295 4133 i.

126 4164 237 4234 p.116]),
256 4166 311 4214 weil
329 4184 355 4215 er
373 4166 434 4217 doclr
453 4176 518 4217 sonat
537 4169 587 4233 aus
600 4167 694 4219 Stellen
713 4167 755 4216 des
773 4169 870 4218 zweiten
889 4168 974 4220 Buclre
991 4169 1117 4233 onspielen
1136 4168 1246 4219 wilrele.“
