2940 4890
215 253 256 316 38

215 449 286 494 cum
309 429 446 509 Deliam,
473 429 664 509 praesertim
689 432 831 507 nuptam,
865 427 1009 492 Tibullus
1039 431 1114 492 ante
1142 446 1254 492 novem
1285 446 1386 492 annos

215 538 255 618 (a.
279 535 417 611 iserae)
451 552 560 599 amare
595 535 755 614 desiisset,
792 553 862 598 cum
898 533 1059 598 Nemesim
1096 534 1279 599 adamasset
1312 539 1388 616 post

215 659 349 722 eamque
381 641 550 723 Glyceram
579 638 632 721 (cl.
650 660 680 721 p.
701 641 777 722 46)Ῥ
829 641 940 722 Neque
973 640 1057 704 enim
1086 646 1176 705 recte
1204 641 1237 704 id
1267 640 1388 705 dixerit

217 750 301 831 quis,
326 748 462 827 Deliam,
488 765 679 828 quamquam
703 766 828 813 amores
852 748 947 828 plane
971 747 1069 811 soluti
1093 751 1209 821 essent,
1233 748 1389 828 temporis

215 855 388 933 intervallo
413 859 464 918 sat
486 854 583 936 longo
608 855 800 934 interposito
826 873 895 918 cum
920 853 1098 918 audivisset
1114 853 1275 917 Tibullum
1300 873 1389 918 mor-

216 967 307 1027 tuum
332 979 402 1026 esse
427 979 549 1025 summo
574 979 645 1023 cum
662 962 769 1025 studio
795 966 978 1026 curassent
994 961 1035 1024 ad
1058 959 1153 1025 funus
1178 960 1265 1026 illius
1291 979 1388 1042 quam

218 1069 384 1133 celerrime
413 1071 612 1147 properaret.
645 1104 679 1110 —
706 1067 795 1130 Idem
824 1067 856 1131 in
885 1066 1045 1131 Nemesim
1077 1067 1172 1130 cadit.
1230 1065 1312 1131 Nam
1348 1084 1389 1131 ne

218 1194 289 1239 eum
319 1175 447 1256 quidem
475 1174 530 1254 qui
561 1174 666 1238 obiter
690 1172 808 1238 Tibulli
838 1172 956 1237 librum
987 1173 1161 1238 secundum
1191 1175 1390 1253 percurrerit

162 1278 166 1283 ’
217 1280 338 1360 fugerit
361 1280 470 1361 qualia
494 1284 684 1362 argumenta
707 1279 932 1360 depingantur.
978 1279 1020 1343 Et
1044 1296 1235 1360 quamquam
1260 1280 1390 1344 concedi

219 1391 329 1469 potest
359 1385 518 1450 Tibullum
558 1386 609 1450 hic
637 1386 704 1450 illic
738 1403 790 1450 res
824 1385 932 1451 verbis
968 1403 1065 1464 super
1098 1385 1227 1450 modum
1262 1387 1391 1452 auxisse

220 1531 261 1540 -
287 1494 343 1558 sed
366 1493 427 1557 hoc
451 1493 501 1556 ius
530 1496 580 1556 est
606 1497 723 1573 poetae
749 1527 787 1535 -
813 1494 921 1555 tamen
949 1491 1029 1555 satis
1059 1494 1186 1555 constat
1213 1491 1272 1556 bas
1300 1493 1391 1573 ipsas

202 1600 347 1680 iniquas
371 1597 471 1662 fuisse
494 1602 624 1678 tamque
649 1614 782 1678 asperas
810 1602 909 1660 utne
938 1597 1081 1662 carmina
1108 1597 1237 1678 quidem
1267 1599 1392 1679 aliquid

219 1706 413 1787 prodessent
442 1702 493 1785 (cl.
512 1703 581 1767 Tib.
599 1703 639 1779 ll,
658 1707 688 1782 4,
711 1704 747 1765 13
766 1703 847 1783 sqq.)
877 1708 910 1767 et
934 1702 1078 1766 Tibullus
1107 1703 1147 1767 ab
1171 1703 1230 1768 hoc
1254 1705 1308 1785 qui
1338 1706 1390 1770 vix

220 1817 295 1892 apte
327 1812 374 1875 ita
402 1815 536 1875 vocatur
564 1828 671 1874 amore
700 1827 735 1873 se
765 1808 932 1872 abdicaret
960 1809 1176 1889 compluribus
1206 1810 1280 1893 (hoc
1308 1809 1393 1875 infra

221 1935 414 1998 exponemus
439 1936 469 1997 p.
489 1917 531 1978 48
557 1918 641 1996 sqq.)
666 1915 758 1980 annis
783 1915 969 1995 priusquam
999 1914 1082 1979 diem
1111 1933 1295 1996 supremum
1325 1916 1393 1996 obi-

221 2029 280 2088 ret.
328 2022 439 2102 Neque
465 2021 549 2084 enim
574 2021 774 2085 condiciones
799 2025 850 2084 sat
874 2038 1006 2100 asperas
1035 2037 1117 2100 quae
1145 2019 1392 2087 intercedebant

221 2131 306 2195 inter
341 2128 502 2192 Tibullum
538 2133 571 2192 et
601 2127 762 2192 Nemesim
790 2132 903 2208 postea
930 2126 1079 2191 meliores
1109 2124 1211 2191 iactas
1240 2145 1312 2192 esse
1342 2130 1394 2193 vel

221 2239 351 2317 poetam
384 2235 492 2314 plures
527 2252 622 2314 quarn
661 2235 834 2299 traduntur
875 2231 928 2315 (ci.
953 2233 973 2296 i.
998 2252 1029 2314 p.
1054 2235 1109 2313 74)
1146 2233 1266 2314 elegias
1306 2235 1393 2319 (qui-

221 2343 281 2407 bus
304 2341 362 2405 has
392 2340 593 2405 condiciones
617 2341 767 2405 meliores
795 2340 976 2404 illustratas
1000 2357 1071 2403 esse
1100 2339 1262 2423 crederes)
1292 2342 1394 2424 scrip-

222 2449 303 2514 sisse
327 2448 437 2527 itaque
462 2447 610 2511 Ovidium
640 2467 679 2511 ex
706 2446 852 2527 pluribus
881 2463 976 2526 quam
1004 2464 1062 2509 nos
1090 2443 1231 2511 lontibus
1259 2446 1393 2512 haurire

222 2553 367 2632 potuisse
397 2558 448 2617 est
478 2553 562 2633 quod
596 2571 768 2632 sumamus,
802 2571 872 2616 cum
902 2551 1094 2632 praesertim
1124 2551 1207 2617 liber
1234 2555 1394 2620 secundus

225 2659 330 2740 elegia
355 2659 399 2723 VI
421 2660 491 2739 ipse
515 2657 682 2738 aptissime
707 2658 873 2723 conclusus
897 2658 950 2722 sit.

315 2765 404 2828 Haec
421 2764 520 2844 igitur
544 2764 598 2844 qui
623 2764 796 2846 diligenter
820 2764 1092 2845 perpensitaverit
1106 2782 1239 2831 necesso
1256 2771 1306 2831 est
1321 2786 1396 2849 per·

224 2890 355 2937 suasum
390 2869 509 2934 habeat
543 2869 669 2934 Deliam
704 2874 737 2935 et
771 2869 933 2934 Nemesim
969 2889 1008 2934 ne
1044 2870 1229 2936 interfuisse
1265 2873 1395 2953 quidem

225 2976 344 3043 Tibulli
372 2975 477 3040 funeri
505 3012 546 3022 -
572 2976 689 3039 nedum
716 2977 763 3040 ita
794 2983 831 3039 ut
859 2977 995 3058 legimus
1028 2977 1111 3056 opud
1142 2977 1290 3041 Ovidium
1325 2997 1393 3042 cer·

226 3084 347 3149 tavisse
371 3088 541 3163 utramque
567 3120 603 3128 —
631 3083 786 3164 nefasque
811 3101 881 3147 esse
906 3084 946 3148 ad
970 3082 1102 3148 verbum
1125 3084 1335 3165 interpretari
1353 3101 1393 3149 ea

226 3208 308 3271 quae
331 3190 428 3254 rebus
452 3188 643 3254 Tibullianis
668 3194 718 3254 sat
742 3194 854 3271 aperte
878 3194 1060 3271 repugnant
1077 3194 1110 3254 et
1125 3191 1216 3271 quasi
1233 3210 1285 3255 res
1302 3195 1395 3255 actae

225 3301 399 3361 narrentur
438 3297 471 3360 in
511 3300 633 3360 certum
668 3316 760 3361 usum
796 3300 991 3362 convertere.
1053 3297 1140 3374 Quae
1175 3315 1230 3362 cur
1265 3295 1396 3362 finxerit

228 3403 360 3468 Ovidius
384 3403 448 3466 iarn
472 3403 651 3484 apparebit.
1411 3481 1414 3486 ,

316 3508 472 3573 Notitiam
496 3510 566 3590 ipse
589 3509 731 3575 habebat
755 3511 867 3575 Deliae
892 3516 924 3575 et
947 3508 1130 3590 Nemeseos,
1160 3509 1255 3590 primi
1284 3514 1318 3574 et
1346 3528 1396 3576 se-

228 3616 322 3680 cundi
345 3615 430 3697 libri,
455 3615 738 3694 accuratissimam,
763 3632 826 3678 non
849 3615 1041 3680 mediocrem
1062 3616 1225 3681 habebant
1246 3616 1395 3682 lectores.

229 3722 319 3799 Quod
343 3723 370 3786 si
393 3741 413 3786 a
436 3722 571 3787 solemni
595 3722 740 3786 oratione
768 3721 894 3786 initium
924 3723 1054 3805 capiens
1082 3729 1253 3805 postquam
1277 3723 1396 3789 Tibulli

227 3828 344 3892 librum
379 3834 550 3909 utrumque
579 3828 709 3909 longum
743 3847 856 3892 nomen
887 3828 1072 3896 habiturum
1101 3847 1172 3894 esse
1202 3829 1397 3895 vaticinatus

228 3935 343 3999 estad
367 3933 563 4016 simpliciora
588 3940 631 4015 et,
660 3939 697 3999 ut
721 3934 833 4015 dicam,
863 3935 1053 4001 humaniora
1082 3934 1320 4001 condicionibus
1349 3937 1397 4000 eis

229 4060 308 4122 quas
333 4041 476 4105 Tibullus
501 4042 533 4104 in
558 4042 681 4106 duobus
706 4042 900 4105 carminibus
925 4041 986 4122 (ΙΙΙ
1003 4043 1081 4120 etl)
1098 4043 1253 4123 attigerat
1277 4042 1397 4106 excita-

229 4152 281 4211 tus
305 4148 476 4212 transitum
501 4149 648 4229 parabat,
674 4167 743 4212 cum
768 4148 823 4212 ille
848 4149 893 4226 (in
918 4148 978 4228 ΙΙΙ)
995 4150 1034 4214 de
1050 4154 1154 4214 matre
1171 4168 1280 4214 sorore
1303 4148 1398 4214 Delia
