<?xml version="1.0" encoding="UTF-8"?>
<!DOCTYPE html PUBLIC "-//W3C//DTD XHTML 1.0 Transitional//EN"
    "http://www.w3.org/TR/xhtml1/DTD/xhtml1-transitional.dtd">
<html xmlns="http://www.w3.org/1999/xhtml" xml:lang="en" lang="en">
 <head>
  <title>
</title>
<meta http-equiv="Content-Type" content="text/html;charset=utf-8" />
  <meta name='ocr-system' content='tesseract 3.04.00' />
  <meta name='ocr-capabilities' content='ocr_page ocr_carea ocr_par ocr_line ocrx_word'/>
</head>
<body>
  <div class='ocr_page' id='page_1' title='image "./studiatibullian00ullrgoog_0028.png"; bbox 0 0 2940 4890; ppageno 0'>
   <div class='ocr_carea' id='block_1_1' title="bbox 1235 237 1276 300">
    <p class='ocr_par' dir='ltr' id='par_1_1' title="bbox 1235 237 1276 300">
     <span class='ocr_line' id='line_1_1' title="bbox 1235 237 1276 300; baseline 0.049 -2"><span class='ocrx_word' id='word_1_1' title='bbox 1235 237 1276 300; x_wconf 80' lang='grc'>23</span> 
     </span>
    </p>
   </div>
   <div class='ocr_carea' id='block_1_2' title="bbox 107 410 1278 1563">
    <p class='ocr_par' dir='ltr' id='par_1_2' title="bbox 107 410 1278 1563">
     <span class='ocr_line' id='line_1_2' title="bbox 109 410 1277 496; baseline 0.002 -20"><span class='ocrx_word' id='word_1_2' title='bbox 109 413 215 495; x_wconf 88' lang='lat' dir='ltr'>(quam</span> <span class='ocrx_word' id='word_1_3' title='bbox 240 429 312 477; x_wconf 90' lang='lat' dir='ltr'>esse</span> <span class='ocrx_word' id='word_1_4' title='bbox 335 412 472 495; x_wconf 83' lang='lat' dir='ltr'><strong>primam</strong></span> <span class='ocrx_word' id='word_1_5' title='bbox 497 411 636 476; x_wconf 81' lang='lat' dir='ltr'>fortasse</span> <span class='ocrx_word' id='word_1_6' title='bbox 660 410 810 490; x_wconf 89' lang='lat' dir='ltr'>omnium,</span> <span class='ocrx_word' id='word_1_7' title='bbox 835 412 975 492; x_wconf 81' lang='lat' dir='ltr'>priorem</span> <span class='ocrx_word' id='word_1_8' title='bbox 1007 418 1094 478; x_wconf 89' lang='lat' dir='ltr'>certe</span> <span class='ocrx_word' id='word_1_9' title='bbox 1124 415 1170 478; x_wconf 91' lang='lat' dir='ltr'>eis</span> <span class='ocrx_word' id='word_1_10' title='bbox 1194 422 1277 496; x_wconf 85' lang='lat' dir='ltr'>quae</span> 
     </span>
     <span class='ocr_line' id='line_1_3' title="bbox 108 512 1277 601; baseline 0.003 -19"><span class='ocrx_word' id='word_1_11' title='bbox 108 519 140 582; x_wconf 93' lang='lat' dir='ltr'>in</span> <span class='ocrx_word' id='word_1_12' title='bbox 169 512 295 583; x_wconf 82' lang='lat' dir='ltr'>Delia&#39;m</span> <span class='ocrx_word' id='word_1_13' title='bbox 323 520 464 601; x_wconf 81' lang='lat' dir='ltr'>scriptae</span> <span class='ocrx_word' id='word_1_14' title='bbox 493 525 570 583; x_wconf 88' lang='lat' dir='ltr'>sunt</span> <span class='ocrx_word' id='word_1_15' title='bbox 597 523 686 584; x_wconf 88' lang='lat' dir='ltr'>recta</span> <span class='ocrx_word' id='word_1_16' title='bbox 714 517 863 601; x_wconf 85' lang='lat' dir='ltr'>credunt)</span> <span class='ocrx_word' id='word_1_17' title='bbox 894 520 1070 601; x_wconf 83' lang='lat' dir='ltr'><strong>cogitasse:</strong></span> <span class='ocrx_word' id='word_1_18' title='bbox 1101 522 1220 586; x_wconf 83' lang='lat' dir='ltr'>etenim</span> <span class='ocrx_word' id='word_1_19' title='bbox 1249 523 1277 586; x_wconf 90' lang='lat' dir='ltr'>si</span> 
     </span>
     <span class='ocr_line' id='line_1_4' title="bbox 109 622 1277 712; baseline 0.003 -23"><span class='ocrx_word' id='word_1_20' title='bbox 109 631 184 690; x_wconf 88' lang='lat' dir='ltr'>ante</span> <span class='ocrx_word' id='word_1_21' title='bbox 217 646 246 691; x_wconf 88' lang='lat' dir='ltr'>a.</span> <span class='ocrx_word' id='word_1_22' title='bbox 269 623 394 712; x_wconf 72' lang='grc'>726118</span> <span class='ocrx_word' id='word_1_23' title='bbox 423 627 547 706; x_wconf 80' lang='lat' dir='ltr'>elegiae</span> <span class='ocrx_word' id='word_1_24' title='bbox 570 622 753 689; x_wconf 69' lang='lat' dir='ltr'>in‘Deliam</span> <span class='ocrx_word' id='word_1_25' title='bbox 783 625 934 705; x_wconf 81' lang='lat' dir='ltr'>scriptae,</span> <span class='ocrx_word' id='word_1_26' title='bbox 961 626 1077 707; x_wconf 89' lang='lat' dir='ltr'>quibus</span> <span class='ocrx_word' id='word_1_27' title='bbox 1107 628 1277 693; x_wconf 84' lang='lat' dir='ltr'>maximam</span> 
     </span>
     <span class='ocr_line' id='line_1_5' title="bbox 109 730 1277 815; baseline 0.005 -20"><span class='ocrx_word' id='word_1_28' title='bbox 109 732 252 798; x_wconf 85' lang='lat' dir='ltr'>Tibullus</span> <span class='ocrx_word' id='word_1_29' title='bbox 287 734 414 799; x_wconf 90' lang='lat' dir='ltr'>laudem</span> <span class='ocrx_word' id='word_1_30' title='bbox 449 732 510 798; x_wconf 85' lang='lat' dir='ltr'>sibi</span> <span class='ocrx_word' id='word_1_31' title='bbox 539 730 730 813; x_wconf 88' lang='lat' dir='ltr'>peperisset,</span> <span class='ocrx_word' id='word_1_32' title='bbox 760 731 867 796; x_wconf 89' lang='lat' dir='ltr'>editae</span> <span class='ocrx_word' id='word_1_33' title='bbox 896 732 960 797; x_wconf 87' lang='lat' dir='ltr'>iam</span> <span class='ocrx_word' id='word_1_34' title='bbox 990 733 1137 815; x_wconf 89' lang='lat' dir='ltr'>luissent,</span> <span class='ocrx_word' id='word_1_35' title='bbox 1163 735 1277 801; x_wconf 82' lang='lat' dir='ltr'>Ouidio</span> 
     </span>
     <span class='ocr_line' id='line_1_6' title="bbox 108 838 1278 919; baseline 0.003 -16"><span class='ocrx_word' id='word_1_36' title='bbox 108 857 171 903; x_wconf 91' lang='lat' dir='ltr'>non</span> <span class='ocrx_word' id='word_1_37' title='bbox 196 840 363 904; x_wconf 88' lang='lat' dir='ltr'>dicendum</span> <span class='ocrx_word' id='word_1_38' title='bbox 385 838 485 904; x_wconf 86' lang='lat' dir='ltr'>fuisse</span> <span class='ocrx_word' id='word_1_39' title='bbox 508 849 597 902; x_wconf 79' lang='lat' dir='ltr'>notua</span> <span class='ocrx_word' id='word_1_40' title='bbox 621 850 687 902; x_wconf 76' lang='lat' dir='ltr'>erat</span> <span class='ocrx_word' id='word_1_41' title='bbox 714 838 772 903; x_wconf 89' lang='lat' dir='ltr'>sed</span> <span class='ocrx_word' id='word_1_42' title='bbox 800 839 903 903; x_wconf 72' lang='lat' dir='ltr'>clarus</span> <span class='ocrx_word' id='word_1_43' title='bbox 931 851 1007 904; x_wconf 76' lang='lat' dir='ltr'>erat.</span> <span class='ocrx_word' id='word_1_44' title='bbox 1064 841 1163 919; x_wconf 83' lang='lat' dir='ltr'>Quam</span> <span class='ocrx_word' id='word_1_45' title='bbox 1195 841 1278 906; x_wconf 87' lang='lat' dir='ltr'>diffi-</span> 
     </span>
     <span class='ocr_line' id='line_1_7' title="bbox 107 945 1277 1028; baseline 0.002 -17"><span class='ocrx_word' id='word_1_46' title='bbox 107 946 259 1011; x_wconf 85' lang='lat' dir='ltr'>cultatem</span> <span class='ocrx_word' id='word_1_47' title='bbox 283 963 367 1028; x_wconf 89' lang='lat' dir='ltr'>quae</span> <span class='ocrx_word' id='word_1_48' title='bbox 390 945 519 1010; x_wconf 87' lang='lat' dir='ltr'>videtur</span> <span class='ocrx_word' id='word_1_49' title='bbox 542 945 722 1010; x_wconf 85' lang='lat' dir='ltr'>Hankelius</span> <span class='ocrx_word' id='word_1_50' title='bbox 749 946 797 1010; x_wconf 90' lang='lat' dir='ltr'>ita</span> <span class='ocrx_word' id='word_1_51' title='bbox 820 945 916 1027; x_wconf 91' lang='lat' dir='ltr'>tollit,</span> <span class='ocrx_word' id='word_1_52' title='bbox 946 952 984 1010; x_wconf 94' lang='lat' dir='ltr'>ut</span> <span class='ocrx_word' id='word_1_53' title='bbox 1008 947 1169 1012; x_wconf 86' lang='lat' dir='ltr'>Tibullum</span> <span class='ocrx_word' id='word_1_54' title='bbox 1193 967 1277 1014; x_wconf 91' lang='lat' dir='ltr'>anno</span> 
     </span>
     <span class='ocr_line' id='line_1_8' title="bbox 108 1049 1276 1139; baseline 0.003 -22"><span class='ocrx_word' id='word_1_55' title='bbox 108 1049 231 1139; x_wconf 76' lang='grc'>126128</span> <span class='ocrx_word' id='word_1_56' title='bbox 254 1053 392 1139; x_wconf 80' lang='lat' dir='ltr'>primam</span> <span class='ocrx_word' id='word_1_57' title='bbox 416 1071 507 1118; x_wconf 90' lang='lat' dir='ltr'>suam</span> <span class='ocrx_word' id='word_1_58' title='bbox 531 1053 667 1134; x_wconf 84' lang='lat' dir='ltr'>elegiam</span> <span class='ocrx_word' id='word_1_59' title='bbox 692 1051 778 1134; x_wconf 87' lang='lat' dir='ltr'>(dico</span> <span class='ocrx_word' id='word_1_60' title='bbox 794 1052 837 1134; x_wconf 91' lang='lat' dir='ltr'>X)</span> <span class='ocrx_word' id='word_1_61' title='bbox 862 1053 1031 1134; x_wconf 88' lang='lat' dir='ltr'>scripsisse</span> <span class='ocrx_word' id='word_1_62' title='bbox 1057 1059 1276 1120; x_wconf 81' lang='lat' dir='ltr'>sumatzeum</span> 
     </span>
     <span class='ocr_line' id='line_1_9' title="bbox 108 1158 1277 1245; baseline 0.002 -22"><span class='ocrx_word' id='word_1_63' title='bbox 108 1161 192 1224; x_wconf 91' lang='lat' dir='ltr'>enim</span> <span class='ocrx_word' id='word_1_64' title='bbox 227 1160 282 1242; x_wconf 93' lang='lat' dir='ltr'>qui</span> <span class='ocrx_word' id='word_1_65' title='bbox 319 1166 352 1224; x_wconf 91' lang='lat' dir='ltr'>et</span> <span class='ocrx_word' id='word_1_66' title='bbox 387 1159 511 1240; x_wconf 90' lang='lat' dir='ltr'>epicum</span> <span class='ocrx_word' id='word_1_67' title='bbox 548 1175 676 1223; x_wconf 90' lang='lat' dir='ltr'>carmen</span> <span class='ocrx_word' id='word_1_68' title='bbox 706 1158 962 1242; x_wconf 83' lang='lat' dir='ltr'>(panegyricum)</span> <span class='ocrx_word' id='word_1_69' title='bbox 997 1165 1030 1225; x_wconf 92' lang='lat' dir='ltr'>et</span> <span class='ocrx_word' id='word_1_70' title='bbox 1062 1160 1198 1242; x_wconf 87' lang='lat' dir='ltr'>elegiam</span> <span class='ocrx_word' id='word_1_71' title='bbox 1222 1161 1277 1245; x_wconf 78' lang='lat' dir='ltr'>(X)</span> 
     </span>
     <span class='ocr_line' id='line_1_10' title="bbox 108 1264 1277 1347; baseline 0.002 -17"><span class='ocrx_word' id='word_1_72' title='bbox 108 1267 341 1347; x_wconf 85' lang='lat' dir='ltr'>composuisset</span> <span class='ocrx_word' id='word_1_73' title='bbox 365 1271 398 1332; x_wconf 92' lang='lat' dir='ltr'>et</span> <span class='ocrx_word' id='word_1_74' title='bbox 424 1267 458 1330; x_wconf 93' lang='lat' dir='ltr'>in</span> <span class='ocrx_word' id='word_1_75' title='bbox 483 1266 590 1330; x_wconf 88' lang='lat' dir='ltr'>lucem</span> <span class='ocrx_word' id='word_1_76' title='bbox 618 1264 810 1347; x_wconf 88' lang='lat' dir='ltr'>protulisset</span> <span class='ocrx_word' id='word_1_77' title='bbox 836 1284 902 1330; x_wconf 93' lang='lat' dir='ltr'>non</span> <span class='ocrx_word' id='word_1_78' title='bbox 930 1265 1052 1333; x_wconf 88' lang='lat' dir='ltr'>clarum</span> <span class='ocrx_word' id='word_1_79' title='bbox 1081 1267 1138 1332; x_wconf 83' lang='lat' dir='ltr'>secl</span> <span class='ocrx_word' id='word_1_80' title='bbox 1166 1271 1277 1332; x_wconf 91' lang='lat' dir='ltr'>notum</span> 
     </span>
     <span class='ocr_line' id='line_1_11' title="bbox 107 1373 1274 1456; baseline 0.001 -19"><span class='ocrx_word' id='word_1_81' title='bbox 107 1373 206 1438; x_wconf 86' lang='lat' dir='ltr'>fuisse</span> <span class='ocrx_word' id='word_1_82' title='bbox 237 1373 474 1456; x_wconf 88' lang='lat' dir='ltr'>appellandum.</span> <span class='ocrx_word' id='word_1_83' title='bbox 535 1373 581 1436; x_wconf 83' lang='lat' dir='ltr'>Ex</span> <span class='ocrx_word' id='word_1_84' title='bbox 611 1373 727 1453; x_wconf 90' lang='lat' dir='ltr'>quibus</span> <span class='ocrx_word' id='word_1_85' title='bbox 756 1373 789 1436; x_wconf 88' lang='lat' dir='ltr'>id</span> <span class='ocrx_word' id='word_1_86' title='bbox 816 1390 915 1437; x_wconf 93' lang='lat' dir='ltr'>unum</span> <span class='ocrx_word' id='word_1_87' title='bbox 944 1373 1182 1439; x_wconf 88' lang='lat' dir='ltr'>concedendum</span> <span class='ocrx_word' id='word_1_88' title='bbox 1214 1379 1274 1454; x_wconf 92' lang='lat' dir='ltr'>est,</span> 
     </span>
     <span class='ocr_line' id='line_1_12' title="bbox 108 1479 1277 1563; baseline 0.001 -18"><span class='ocrx_word' id='word_1_89' title='bbox 108 1480 244 1561; x_wconf 88' lang='lat' dir='ltr'>elegiam</span> <span class='ocrx_word' id='word_1_90' title='bbox 274 1480 303 1543; x_wconf 90' lang='lat' dir='ltr'>X</span> <span class='ocrx_word' id='word_1_91' title='bbox 331 1481 467 1562; x_wconf 89' lang='lat' dir='ltr'>primam</span> <span class='ocrx_word' id='word_1_92' title='bbox 479 1479 502 1563; x_wconf 88' lang='lat'>¹)</span> <span class='ocrx_word' id='word_1_93' title='bbox 534 1497 605 1544; x_wconf 90' lang='lat' dir='ltr'>esse</span> <span class='ocrx_word' id='word_1_94' title='bbox 634 1480 853 1561; x_wconf 90' lang='lat' dir='ltr'>compositam,</span> <span class='ocrx_word' id='word_1_95' title='bbox 890 1500 1083 1562; x_wconf 93' lang='lat' dir='ltr'>quamquam</span> <span class='ocrx_word' id='word_1_96' title='bbox 1119 1482 1159 1546; x_wconf 88' lang='lat' dir='ltr'>de</span> <span class='ocrx_word' id='word_1_97' title='bbox 1194 1499 1277 1546; x_wconf 87' lang='lat' dir='ltr'>anno</span> 
     </span>
    </p>
   </div>
   <div class='ocr_carea' id='block_1_3' title="bbox 108 1583 1278 2101">
    <p class='ocr_par' dir='ltr' id='par_1_3' title="bbox 108 1583 1278 2101">
     <span class='ocr_line' id='line_1_13' title="bbox 109 1583 1277 1671; baseline 0.003 -21"><span class='ocrx_word' id='word_1_98' title='bbox 109 1583 232 1664; x_wconf 75' lang='grc'>726128</span> <span class='ocrx_word' id='word_1_99' title='bbox 257 1605 297 1652; x_wconf 91' lang='lat' dir='ltr'>ne</span> <span class='ocrx_word' id='word_1_100' title='bbox 322 1587 458 1667; x_wconf 88' lang='lat' dir='ltr'>cogitari</span> <span class='ocrx_word' id='word_1_101' title='bbox 482 1587 610 1668; x_wconf 90' lang='lat' dir='ltr'>quidem</span> <span class='ocrx_word' id='word_1_102' title='bbox 634 1590 752 1667; x_wconf 90' lang='lat' dir='ltr'>potest.</span> <span class='ocrx_word' id='word_1_103' title='bbox 792 1587 921 1652; x_wconf 87' lang='lat' dir='ltr'>Etenim</span> <span class='ocrx_word' id='word_1_104' title='bbox 945 1589 973 1652; x_wconf 92' lang='lat' dir='ltr'>si</span> <span class='ocrx_word' id='word_1_105' title='bbox 988 1588 1048 1654; x_wconf 91' lang='lat' dir='ltr'>hoc</span> <span class='ocrx_word' id='word_1_106' title='bbox 1064 1607 1192 1671; x_wconf 91' lang='lat' dir='ltr'>quoque</span> <span class='ocrx_word' id='word_1_107' title='bbox 1208 1589 1277 1653; x_wconf 83' lang='lat' dir='ltr'>viro</span> 
     </span>
     <span class='ocr_line' id='line_1_14' title="bbox 108 1693 1277 1779; baseline 0 -20"><span class='ocrx_word' id='word_1_108' title='bbox 108 1694 201 1759; x_wconf 83' lang='lat' dir='ltr'>docto</span> <span class='ocrx_word' id='word_1_109' title='bbox 218 1694 431 1774; x_wconf 85' lang='lat' dir='ltr'>concedimus,</span> <span class='ocrx_word' id='word_1_110' title='bbox 456 1697 637 1774; x_wconf 91' lang='lat' dir='ltr'>temporum</span> <span class='ocrx_word' id='word_1_111' title='bbox 653 1693 797 1759; x_wconf 90' lang='lat' dir='ltr'>rationes</span> <span class='ocrx_word' id='word_1_112' title='bbox 814 1713 893 1776; x_wconf 88' lang='lat' dir='ltr'>quas</span> <span class='ocrx_word' id='word_1_113' title='bbox 910 1696 942 1760; x_wconf 92' lang='lat' dir='ltr'>in</span> <span class='ocrx_word' id='word_1_114' title='bbox 960 1697 1072 1779; x_wconf 89' lang='lat' dir='ltr'>elegiis</span> <span class='ocrx_word' id='word_1_115' title='bbox 1090 1697 1164 1760; x_wconf 94' lang='lat' dir='ltr'>libri</span> <span class='ocrx_word' id='word_1_116' title='bbox 1181 1696 1277 1777; x_wconf 92' lang='lat' dir='ltr'>primi</span> 
     </span>
     <span class='ocr_line' id='line_1_15' title="bbox 109 1798 1277 1885; baseline 0.001 -20"><span class='ocrx_word' id='word_1_117' title='bbox 109 1801 291 1883; x_wconf 84' lang='lat' dir='ltr'>digerendis</span> <span class='ocrx_word' id='word_1_118' title='bbox 301 1816 434 1865; x_wconf 90' lang='lat' dir='ltr'>necesse</span> <span class='ocrx_word' id='word_1_119' title='bbox 442 1804 670 1881; x_wconf 87' lang='lat' dir='ltr'>estsequamur</span> <span class='ocrx_word' id='word_1_120' title='bbox 681 1798 727 1881; x_wconf 85' lang='lat' dir='ltr'>(cl</span> <span class='ocrx_word' id='word_1_121' title='bbox 743 1802 1277 1885; x_wconf 85' lang='lat' dir='ltr'>s.p.8sq.,13sq.)denuoconfun·</span> 
     </span>
     <span class='ocr_line' id='line_1_16' title="bbox 110 1905 1278 1988; baseline 0.001 -16"><span class='ocrx_word' id='word_1_122' title='bbox 110 1908 236 1973; x_wconf 88' lang='lat' dir='ltr'>duntur.</span> <span class='ocrx_word' id='word_1_123' title='bbox 272 1907 316 1971; x_wconf 83' lang='lat' dir='ltr'>At</span> <span class='ocrx_word' id='word_1_124' title='bbox 333 1906 455 1988; x_wconf 88' lang='lat' dir='ltr'>elegias</span> <span class='ocrx_word' id='word_1_125' title='bbox 472 1924 554 1988; x_wconf 89' lang='lat' dir='ltr'>quae</span> <span class='ocrx_word' id='word_1_126' title='bbox 572 1907 604 1970; x_wconf 93' lang='lat' dir='ltr'>in</span> <span class='ocrx_word' id='word_1_127' title='bbox 622 1905 748 1970; x_wconf 87' lang='lat' dir='ltr'>Deliam</span> <span class='ocrx_word' id='word_1_128' title='bbox 767 1908 908 1988; x_wconf 88' lang='lat' dir='ltr'>scriptae</span> <span class='ocrx_word' id='word_1_129' title='bbox 933 1914 1007 1973; x_wconf 91' lang='lat' dir='ltr'>sunt</span> <span class='ocrx_word' id='word_1_130' title='bbox 1030 1909 1080 1973; x_wconf 92' lang='grc' dir='ltr'>ΙΙΙ</span> <span class='ocrx_word' id='word_1_131' title='bbox 1104 1909 1119 1973; x_wconf 96' lang='grc' dir='ltr'>Ι</span> <span class='ocrx_word' id='word_1_132' title='bbox 1142 1909 1170 1972; x_wconf 93' lang='lat' dir='ltr'>V</span> <span class='ocrx_word' id='word_1_133' title='bbox 1185 1908 1218 1972; x_wconf 95' lang='grc' dir='ltr'>ΙΙ</span> <span class='ocrx_word' id='word_1_134' title='bbox 1234 1911 1278 1973; x_wconf 91' lang='lat' dir='ltr'>VI</span> 
     </span>
     <span class='ocr_line' id='line_1_17' title="bbox 109 2011 1278 2101; baseline -0.002 -22"><span class='ocrx_word' id='word_1_135' title='bbox 109 2031 218 2079; x_wconf 85' lang='lat' dir='ltr'>omnes</span> <span class='ocrx_word' id='word_1_136' title='bbox 230 2011 298 2078; x_wconf 84' lang='lat' dir='ltr'>fere</span> <span class='ocrx_word' id='word_1_137' title='bbox 311 2013 455 2095; x_wconf 85' lang='lat' dir='ltr'>(praeter</span> <span class='ocrx_word' id='word_1_138' title='bbox 464 2013 509 2077; x_wconf 91' lang='lat' dir='ltr'>Vl</span> <span class='ocrx_word' id='word_1_139' title='bbox 521 2011 672 2096; x_wconf 88' lang='lat' dir='ltr'>fortasse)</span> <span class='ocrx_word' id='word_1_140' title='bbox 686 2017 774 2078; x_wconf 90' lang='lat' dir='ltr'>ortas</span> <span class='ocrx_word' id='word_1_141' title='bbox 788 2031 858 2078; x_wconf 87' lang='lat' dir='ltr'>esse</span> <span class='ocrx_word' id='word_1_142' title='bbox 871 2019 946 2078; x_wconf 91' lang='lat' dir='ltr'>ante</span> <span class='ocrx_word' id='word_1_143' title='bbox 957 2032 985 2082; x_wconf 90' lang='lat' dir='ltr'>a.</span> <span class='ocrx_word' id='word_1_144' title='bbox 1001 2014 1278 2101; x_wconf 66' lang='grc'>7261281111-</span> 
     </span>
    </p>
   </div>
   <div class='ocr_carea' id='block_1_4' title="bbox 106 2118 1277 3912">
    <p class='ocr_par' dir='ltr' id='par_1_4' title="bbox 106 2118 1277 3912">
     <span class='ocr_line' id='line_1_18' title="bbox 108 2118 1277 2204; baseline 0 -20"><span class='ocrx_word' id='word_1_145' title='bbox 108 2126 175 2184; x_wconf 93' lang='lat' dir='ltr'>tum</span> <span class='ocrx_word' id='word_1_146' title='bbox 188 2120 215 2184; x_wconf 90' lang='lat' dir='ltr'>si</span> <span class='ocrx_word' id='word_1_147' title='bbox 227 2118 382 2184; x_wconf 87' lang='lat' dir='ltr'>habemus</span> <span class='ocrx_word' id='word_1_148' title='bbox 396 2122 438 2198; x_wconf 92' lang='lat' dir='ltr'>et,</span> <span class='ocrx_word' id='word_1_149' title='bbox 452 2122 488 2182; x_wconf 91' lang='lat' dir='ltr'>ut</span> <span class='ocrx_word' id='word_1_150' title='bbox 502 2119 628 2184; x_wconf 87' lang='lat' dir='ltr'>dubitet</span> <span class='ocrx_word' id='word_1_151' title='bbox 645 2120 805 2201; x_wconf 89' lang='lat' dir='ltr'>quispiam</span> <span class='ocrx_word' id='word_1_152' title='bbox 818 2140 893 2185; x_wconf 94' lang='lat' dir='ltr'>num</span> <span class='ocrx_word' id='word_1_153' title='bbox 910 2122 988 2187; x_wconf 92' lang='lat' dir='ltr'>ordo</span> <span class='ocrx_word' id='word_1_154' title='bbox 1005 2121 1117 2187; x_wconf 90' lang='lat' dir='ltr'>harum</span> <span class='ocrx_word' id='word_1_155' title='bbox 1135 2122 1277 2204; x_wconf 91' lang='lat' dir='ltr'>quinque</span> 
     </span>
     <span class='ocr_line' id='line_1_19' title="bbox 108 2225 1277 2315; baseline 0.001 -24"><span class='ocrx_word' id='word_1_156' title='bbox 108 2232 184 2309; x_wconf 89' lang='lat' dir='ltr'>apte</span> <span class='ocrx_word' id='word_1_157' title='bbox 206 2227 254 2292; x_wconf 91' lang='lat' dir='ltr'>ita</span> <span class='ocrx_word' id='word_1_158' title='bbox 277 2231 450 2300; x_wconf 83' lang='lat' dir='ltr'>statuatur,</span> <span class='ocrx_word' id='word_1_159' title='bbox 467 2231 556 2292; x_wconf 89' lang='lat' dir='ltr'>recte</span> <span class='ocrx_word' id='word_1_160' title='bbox 580 2227 714 2291; x_wconf 87' lang='lat' dir='ltr'>credunt</span> <span class='ocrx_word' id='word_1_161' title='bbox 737 2227 784 2291; x_wconf 92' lang='grc' dir='ltr'>ΙΙΙ</span> <span class='ocrx_word' id='word_1_162' title='bbox 801 2247 829 2294; x_wconf 92' lang='lat' dir='ltr'>a.</span> <span class='ocrx_word' id='word_1_163' title='bbox 848 2225 971 2315; x_wconf 72' lang='grc'>724130</span> <span class='ocrx_word' id='word_1_164' title='bbox 997 2227 1154 2311; x_wconf 82' lang='lat' dir='ltr'>Corcyrae</span> <span class='ocrx_word' id='word_1_165' title='bbox 1178 2231 1277 2310; x_wconf 89' lang='lat' dir='ltr'>scrip-</span> 
     </span>
     <span class='ocr_line' id='line_1_20' title="bbox 107 2334 1277 2418; baseline -0.001 -18"><span class='ocrx_word' id='word_1_166' title='bbox 107 2340 174 2400; x_wconf 88' lang='lat' dir='ltr'>tam</span> <span class='ocrx_word' id='word_1_167' title='bbox 191 2351 271 2414; x_wconf 88' lang='lat' dir='ltr'>esse,</span> <span class='ocrx_word' id='word_1_168' title='bbox 297 2335 381 2416; x_wconf 90' lang='lat' dir='ltr'>quod</span> <span class='ocrx_word' id='word_1_169' title='bbox 406 2334 585 2398; x_wconf 84' lang='lat' dir='ltr'>construxit</span> <span class='ocrx_word' id='word_1_170' title='bbox 607 2334 655 2398; x_wconf 89' lang='lat' dir='ltr'>vir</span> <span class='ocrx_word' id='word_1_171' title='bbox 679 2334 791 2398; x_wconf 85' lang='lat' dir='ltr'>doctus</span> <span class='ocrx_word' id='word_1_172' title='bbox 814 2353 878 2398; x_wconf 91' lang='lat' dir='ltr'>non</span> <span class='ocrx_word' id='word_1_173' title='bbox 902 2341 990 2400; x_wconf 88' lang='lat' dir='ltr'>stare</span> <span class='ocrx_word' id='word_1_174' title='bbox 1013 2336 1045 2400; x_wconf 83' lang='lat' dir='ltr'>icl</span> <span class='ocrx_word' id='word_1_175' title='bbox 1069 2337 1103 2400; x_wconf 94' lang='lat' dir='ltr'>in</span> <span class='ocrx_word' id='word_1_176' title='bbox 1125 2341 1277 2418; x_wconf 91' lang='lat' dir='ltr'>promptu</span> 
     </span>
     <span class='ocr_line' id='line_1_21' title="bbox 108 2440 1276 2524; baseline 0.001 -17"><span class='ocrx_word' id='word_1_177' title='bbox 108 2447 158 2508; x_wconf 91' lang='lat' dir='ltr'>est</span> <span class='ocrx_word' id='word_1_178' title='bbox 184 2446 315 2506; x_wconf 91' lang='lat' dir='ltr'>—tum</span> <span class='ocrx_word' id='word_1_179' title='bbox 345 2459 472 2522; x_wconf 91' lang='lat' dir='ltr'>quoque</span> <span class='ocrx_word' id='word_1_180' title='bbox 500 2441 528 2504; x_wconf 89' lang='lat' dir='ltr'>si</span> <span class='ocrx_word' id='word_1_181' title='bbox 556 2441 771 2505; x_wconf 88' lang='lat' dir='ltr'>indicaremus</span> <span class='ocrx_word' id='word_1_182' title='bbox 792 2440 940 2505; x_wconf 90' lang='lat' dir='ltr'>Ovidium</span> <span class='ocrx_word' id='word_1_183' title='bbox 969 2443 1010 2507; x_wconf 80' lang='lat' dir='ltr'>acl</span> <span class='ocrx_word' id='word_1_184' title='bbox 1034 2443 1161 2524; x_wconf 89' lang='lat' dir='ltr'>singula</span> <span class='ocrx_word' id='word_1_185' title='bbox 1178 2461 1276 2524; x_wconf 85' lang='lat' dir='ltr'>quae-</span> 
     </span>
     <span class='ocr_line' id='line_1_22' title="bbox 108 2547 1275 2628; baseline 0 -13"><span class='ocrx_word' id='word_1_186' title='bbox 108 2551 155 2616; x_wconf 90' lang='lat' dir='ltr'>vis</span> <span class='ocrx_word' id='word_1_187' title='bbox 181 2548 323 2613; x_wconf 90' lang='lat' dir='ltr'>carmina</span> <span class='ocrx_word' id='word_1_188' title='bbox 338 2565 482 2612; x_wconf 89' lang='lat' dir='ltr'>seorsum</span> <span class='ocrx_word' id='word_1_189' title='bbox 500 2547 588 2611; x_wconf 90' lang='lat' dir='ltr'>edita</span> <span class='ocrx_word' id='word_1_190' title='bbox 603 2548 766 2628; x_wconf 89' lang='lat' dir='ltr'>respicere</span> <span class='ocrx_word' id='word_1_191' title='bbox 782 2549 934 2628; x_wconf 89' lang='lat' dir='ltr'>potuisse.</span> <span class='ocrx_word' id='word_1_192' title='bbox 975 2550 1017 2613; x_wconf 87' lang='lat' dir='ltr'>Et</span> <span class='ocrx_word' id='word_1_193' title='bbox 1038 2549 1125 2613; x_wconf 88' lang='lat' dir='ltr'>aliud</span> <span class='ocrx_word' id='word_1_194' title='bbox 1142 2551 1275 2616; x_wconf 88' lang='lat' dir='ltr'>accedit.</span> 
     </span>
     <span class='ocr_line' id='line_1_23' title="bbox 109 2653 1276 2736; baseline -0.001 -16"><span class='ocrx_word' id='word_1_195' title='bbox 109 2655 186 2720; x_wconf 84' lang='lat' dir='ltr'>Cum</span> <span class='ocrx_word' id='word_1_196' title='bbox 209 2656 296 2720; x_wconf 89' lang='lat' dir='ltr'>inter</span> <span class='ocrx_word' id='word_1_197' title='bbox 320 2653 445 2735; x_wconf 88' lang='lat' dir='ltr'>eosqui</span> <span class='ocrx_word' id='word_1_198' title='bbox 463 2653 581 2718; x_wconf 87' lang='lat' dir='ltr'>Tibulli</span> <span class='ocrx_word' id='word_1_199' title='bbox 608 2654 801 2718; x_wconf 88' lang='lat' dir='ltr'>carminibus</span> <span class='ocrx_word' id='word_1_200' title='bbox 820 2672 952 2736; x_wconf 89' lang='lat' dir='ltr'>operam</span> <span class='ocrx_word' id='word_1_201' title='bbox 969 2656 1090 2721; x_wconf 87' lang='lat' dir='ltr'>dabant</span> <span class='ocrx_word' id='word_1_202' title='bbox 1113 2657 1176 2720; x_wconf 93' lang='lat' dir='ltr'>iam</span> <span class='ocrx_word' id='word_1_203' title='bbox 1202 2675 1276 2720; x_wconf 92' lang='lat' dir='ltr'>con·</span> 
     </span>
     <span class='ocr_line' id='line_1_24' title="bbox 108 2761 1275 2845; baseline 0.003 -19"><span class='ocrx_word' id='word_1_204' title='bbox 108 2767 211 2826; x_wconf 89' lang='lat' dir='ltr'>staret</span> <span class='ocrx_word' id='word_1_205' title='bbox 226 2761 294 2826; x_wconf 90' lang='lat' dir='ltr'>fere</span> <span class='ocrx_word' id='word_1_206' title='bbox 318 2762 547 2844; x_wconf 82' lang='lat' dir='ltr'>panegyricum</span> <span class='ocrx_word' id='word_1_207' title='bbox 563 2761 735 2826; x_wconf 87' lang='lat' dir='ltr'>Messallae</span> <span class='ocrx_word' id='word_1_208' title='bbox 752 2780 770 2824; x_wconf 92' lang='lat' dir='ltr'>a</span> <span class='ocrx_word' id='word_1_209' title='bbox 788 2761 915 2842; x_wconf 85' lang='lat' dir='ltr'>Tibulli,</span> <span class='ocrx_word' id='word_1_210' title='bbox 935 2763 1031 2826; x_wconf 85' lang='lat' dir='ltr'>ctiam</span> <span class='ocrx_word' id='word_1_211' title='bbox 1048 2763 1275 2845; x_wconf 89' lang='lat' dir='ltr'>adulescentis,</span> 
     </span>
     <span class='ocr_line' id='line_1_25' title="bbox 108 2864 1276 2950; baseline -0.002 -17"><span class='ocrx_word' id='word_1_212' title='bbox 108 2872 178 2934; x_wconf 91' lang='lat' dir='ltr'>arte</span> <span class='ocrx_word' id='word_1_213' title='bbox 207 2869 306 2950; x_wconf 73' lang='lat' dir='ltr'>plane,</span> <span class='ocrx_word' id='word_1_214' title='bbox 330 2868 505 2935; x_wconf 90' lang='lat' dir='ltr'>abhorrere</span> <span class='ocrx_word' id='word_1_215' title='bbox 534 2873 566 2933; x_wconf 92' lang='lat' dir='ltr'>et</span> <span class='ocrx_word' id='word_1_216' title='bbox 596 2888 616 2933; x_wconf 90' lang='lat' dir='ltr'>a</span> <span class='ocrx_word' id='word_1_217' title='bbox 644 2867 789 2933; x_wconf 88' lang='lat' dir='ltr'>versifice</span> <span class='ocrx_word' id='word_1_218' title='bbox 818 2866 957 2950; x_wconf 92' lang='lat' dir='ltr'>quodam</span> <span class='ocrx_word' id='word_1_219' title='bbox 992 2864 1170 2930; x_wconf 88' lang='lat' dir='ltr'>confectum</span> <span class='ocrx_word' id='word_1_220' title='bbox 1205 2883 1276 2931; x_wconf 89' lang='lat' dir='ltr'>esse</span> 
     </span>
     <span class='ocr_line' id='line_1_26' title="bbox 108 2971 1276 3058; baseline -0.002 -19"><span class='ocrx_word' id='word_1_221' title='bbox 108 2975 162 3058; x_wconf 94' lang='lat' dir='ltr'>qui</span> <span class='ocrx_word' id='word_1_222' title='bbox 197 2975 368 3042; x_wconf 88' lang='lat' dir='ltr'>Messallae</span> <span class='ocrx_word' id='word_1_223' title='bbox 404 2976 541 3058; x_wconf 86' lang='lat' dir='ltr'>gratiam</span> <span class='ocrx_word' id='word_1_224' title='bbox 578 2973 749 3039; x_wconf 87' lang='lat' dir='ltr'>conciliare</span> <span class='ocrx_word' id='word_1_225' title='bbox 785 2975 847 3039; x_wconf 91' lang='lat' dir='ltr'>sibi</span> <span class='ocrx_word' id='word_1_226' title='bbox 881 2973 1059 3052; x_wconf 89' lang='lat' dir='ltr'>videbatur,</span> <span class='ocrx_word' id='word_1_227' title='bbox 1096 2971 1276 3037; x_wconf 89' lang='lat' dir='ltr'>Hankelius</span> 
     </span>
     <span class='ocr_line' id='line_1_27' title="bbox 106 3078 1277 3163; baseline -0.004 -16"><span class='ocrx_word' id='word_1_228' title='bbox 106 3087 214 3148; x_wconf 86' lang='lat' dir='ltr'>tamen</span> <span class='ocrx_word' id='word_1_229' title='bbox 238 3083 341 3148; x_wconf 88' lang='lat' dir='ltr'>denuo</span> <span class='ocrx_word' id='word_1_230' title='bbox 366 3082 476 3147; x_wconf 89' lang='lat' dir='ltr'>dedita</span> <span class='ocrx_word' id='word_1_231' title='bbox 500 3100 599 3163; x_wconf 88' lang='lat' dir='ltr'>opera</span> <span class='ocrx_word' id='word_1_232' title='bbox 623 3081 768 3145; x_wconf 89' lang='lat' dir='ltr'>acumine</span> <span class='ocrx_word' id='word_1_233' title='bbox 793 3081 930 3162; x_wconf 89' lang='lat' dir='ltr'>quodam</span> <span class='ocrx_word' id='word_1_234' title='bbox 955 3078 1143 3160; x_wconf 87' lang='lat' dir='ltr'>opusculum</span> <span class='ocrx_word' id='word_1_235' title='bbox 1159 3079 1277 3144; x_wconf 90' lang='lat' dir='ltr'>vilissi-</span> 
     </span>
     <span class='ocr_line' id='line_1_28' title="bbox 107 3187 1275 3270; baseline -0.004 -16"><span class='ocrx_word' id='word_1_236' title='bbox 107 3209 193 3254; x_wconf 93' lang='lat' dir='ltr'>mum</span> <span class='ocrx_word' id='word_1_237' title='bbox 217 3189 389 3255; x_wconf 85' lang='lat' dir='ltr'>defendere</span> <span class='ocrx_word' id='word_1_238' title='bbox 413 3196 446 3255; x_wconf 92' lang='lat' dir='ltr'>et</span> <span class='ocrx_word' id='word_1_239' title='bbox 463 3188 586 3253; x_wconf 92' lang='lat' dir='ltr'>Tibullo</span> <span class='ocrx_word' id='word_1_240' title='bbox 611 3188 777 3270; x_wconf 89' lang='lat' dir='ltr'>indignum</span> <span class='ocrx_word' id='word_1_241' title='bbox 801 3205 864 3250; x_wconf 92' lang='lat' dir='ltr'>non</span> <span class='ocrx_word' id='word_1_242' title='bbox 882 3204 952 3250; x_wconf 89' lang='lat' dir='ltr'>esse</span> <span class='ocrx_word' id='word_1_243' title='bbox 967 3187 1059 3251; x_wconf 86' lang='lat' dir='ltr'>novis</span> <span class='ocrx_word' id='word_1_244' title='bbox 1076 3187 1275 3268; x_wconf 88' lang='lat' dir='ltr'>argumentis</span> 
     </span>
     <span class='ocr_line' id='line_1_29' title="bbox 106 3292 1275 3378; baseline -0.005 -17"><span class='ocrx_word' id='word_1_245' title='bbox 106 3297 237 3363; x_wconf 86' lang='lat' dir='ltr'>firmare</span> <span class='ocrx_word' id='word_1_246' title='bbox 260 3302 394 3362; x_wconf 90' lang='lat' dir='ltr'>conatus</span> <span class='ocrx_word' id='word_1_247' title='bbox 420 3300 469 3361; x_wconf 90' lang='lat' dir='ltr'>est</span> <span class='ocrx_word' id='word_1_248' title='bbox 494 3296 527 3378; x_wconf 86' lang='lat' dir='ltr'>(l.</span> <span class='ocrx_word' id='word_1_249' title='bbox 545 3295 566 3361; x_wconf 90' lang='grc'>1.</span> <span class='ocrx_word' id='word_1_250' title='bbox 584 3315 614 3376; x_wconf 88' lang='lat' dir='ltr'>p.</span> <span class='ocrx_word' id='word_1_251' title='bbox 633 3298 673 3358; x_wconf 80' lang='lat'>47</span> <span class='ocrx_word' id='word_1_252' title='bbox 692 3292 785 3376; x_wconf 85' lang='lat' dir='ltr'>sqq).</span> <span class='ocrx_word' id='word_1_253' title='bbox 840 3292 930 3370; x_wconf 83' lang='lat' dir='ltr'>Quod</span> <span class='ocrx_word' id='word_1_254' title='bbox 960 3311 1056 3373; x_wconf 88' lang='lat' dir='ltr'>quam</span> <span class='ocrx_word' id='word_1_255' title='bbox 1084 3311 1148 3357; x_wconf 91' lang='lat' dir='ltr'>non</span> <span class='ocrx_word' id='word_1_256' title='bbox 1173 3294 1275 3358; x_wconf 90' lang='lat' dir='ltr'>conti-</span> 
     </span>
     <span class='ocr_line' id='line_1_30' title="bbox 108 3397 1273 3484; baseline -0.001 -14"><span class='ocrx_word' id='word_1_257' title='bbox 108 3406 192 3484; x_wconf 89' lang='lat' dir='ltr'>gerit</span> <span class='ocrx_word' id='word_1_258' title='bbox 215 3405 244 3470; x_wconf 92' lang='lat' dir='ltr'>ei</span> <span class='ocrx_word' id='word_1_259' title='bbox 267 3408 305 3467; x_wconf 95' lang='lat' dir='ltr'>ut</span> <span class='ocrx_word' id='word_1_260' title='bbox 328 3402 400 3467; x_wconf 90' lang='lat' dir='ltr'>aliis</span> <span class='ocrx_word' id='word_1_261' title='bbox 428 3403 639 3484; x_wconf 89' lang='lat' dir='ltr'>persuaderet</span> <span class='ocrx_word' id='word_1_262' title='bbox 667 3403 704 3466; x_wconf 84' lang='lat' dir='ltr'>a.</span> <span class='ocrx_word' id='word_1_263' title='bbox 722 3397 928 3483; x_wconf 76' lang='lat' dir='ltr'>Richterus²)</span> <span class='ocrx_word' id='word_1_264' title='bbox 960 3399 1126 3480; x_wconf 88' lang='lat' dir='ltr'>aptissime</span> <span class='ocrx_word' id='word_1_265' title='bbox 1155 3400 1273 3469; x_wconf 68' lang='lat' dir='ltr'>docuit,</span> 
     </span>
     <span class='ocr_line' id='line_1_31' title="bbox 107 3505 1274 3592; baseline -0.005 -17"><span class='ocrx_word' id='word_1_266' title='bbox 107 3512 154 3575; x_wconf 91' lang='lat' dir='ltr'>ita</span> <span class='ocrx_word' id='word_1_267' title='bbox 181 3516 218 3576; x_wconf 94' lang='lat' dir='ltr'>ut</span> <span class='ocrx_word' id='word_1_268' title='bbox 250 3511 300 3576; x_wconf 80' lang='lat' dir='ltr'>vin</span> <span class='ocrx_word' id='word_1_269' title='bbox 333 3511 509 3592; x_wconf 88' lang='lat' dir='ltr'>quidquam</span> <span class='ocrx_word' id='word_1_270' title='bbox 542 3510 628 3591; x_wconf 90' lang='lat' dir='ltr'>quod</span> <span class='ocrx_word' id='word_1_271' title='bbox 656 3508 752 3573; x_wconf 90' lang='lat' dir='ltr'>huius</span> <span class='ocrx_word' id='word_1_272' title='bbox 781 3507 899 3572; x_wconf 87' lang='lat' dir='ltr'>iudicio</span> <span class='ocrx_word' id='word_1_273' title='bbox 930 3507 1012 3571; x_wconf 87' lang='lat' dir='ltr'>adici</span> <span class='ocrx_word' id='word_1_274' title='bbox 1043 3506 1146 3588; x_wconf 89' lang='lat' dir='ltr'>possit</span> <span class='ocrx_word' id='word_1_275' title='bbox 1175 3505 1274 3571; x_wconf 86' lang='lat' dir='ltr'>relin-</span> 
     </span>
     <span class='ocr_line' id='line_1_32' title="bbox 107 3613 1275 3700; baseline -0.003 -19"><span class='ocrx_word' id='word_1_276' title='bbox 107 3624 224 3700; x_wconf 89' lang='lat' dir='ltr'>quatur</span> <span class='ocrx_word' id='word_1_277' title='bbox 237 3625 269 3683; x_wconf 91' lang='lat' dir='ltr'>et</span> <span class='ocrx_word' id='word_1_278' title='bbox 285 3618 365 3682; x_wconf 88' lang='lat' dir='ltr'>haec</span> <span class='ocrx_word' id='word_1_279' title='bbox 381 3618 452 3697; x_wconf 89' lang='lat' dir='ltr'>ipsa</span> <span class='ocrx_word' id='word_1_280' title='bbox 468 3635 565 3681; x_wconf 88' lang='lat' dir='ltr'>causa</span> <span class='ocrx_word' id='word_1_281' title='bbox 577 3616 657 3682; x_wconf 90' lang='lat' dir='ltr'>satis</span> <span class='ocrx_word' id='word_1_282' title='bbox 674 3616 790 3680; x_wconf 90' lang='lat' dir='ltr'>idonea</span> <span class='ocrx_word' id='word_1_283' title='bbox 807 3617 850 3680; x_wconf 91' lang='lat' dir='ltr'>sit</span> <span class='ocrx_word' id='word_1_284' title='bbox 865 3634 948 3697; x_wconf 90' lang='lat' dir='ltr'>quae</span> <span class='ocrx_word' id='word_1_285' title='bbox 963 3613 1116 3680; x_wconf 85' lang='lat' dir='ltr'>Hankelii</span> <span class='ocrx_word' id='word_1_286' title='bbox 1133 3615 1275 3678; x_wconf 90' lang='lat' dir='ltr'>rationes</span> 
     </span>
     <span class='ocr_line' id='line_1_33' title="bbox 106 3721 1275 3806; baseline -0.001 -20"><span class='ocrx_word' id='word_1_287' title='bbox 106 3721 243 3788; x_wconf 89' lang='lat' dir='ltr'>refellat.</span> <span class='ocrx_word' id='word_1_288' title='bbox 294 3723 407 3805; x_wconf 89' lang='lat' dir='ltr'>Neque</span> <span class='ocrx_word' id='word_1_289' title='bbox 430 3741 518 3805; x_wconf 88' lang='lat' dir='ltr'>vero,</span> <span class='ocrx_word' id='word_1_290' title='bbox 546 3727 583 3788; x_wconf 95' lang='lat' dir='ltr'>ut</span> <span class='ocrx_word' id='word_1_291' title='bbox 610 3727 756 3789; x_wconf 88' lang='lat' dir='ltr'>sumatur</span> <span class='ocrx_word' id='word_1_292' title='bbox 785 3723 1013 3806; x_wconf 85' lang='lat' dir='ltr'>panegyricum</span> <span class='ocrx_word' id='word_1_293' title='bbox 1038 3722 1136 3786; x_wconf 90' lang='lat' dir='ltr'>istum</span> <span class='ocrx_word' id='word_1_294' title='bbox 1160 3737 1275 3800; x_wconf 90' lang='lat' dir='ltr'>reapse</span> 
     </span>
     <span class='ocr_line' id='line_1_34' title="bbox 108 3826 1273 3912; baseline -0.004 -17"><span class='ocrx_word' id='word_1_295' title='bbox 108 3831 225 3896; x_wconf 94' lang='lat' dir='ltr'>Tibulli</span> <span class='ocrx_word' id='word_1_296' title='bbox 255 3849 335 3912; x_wconf 87' lang='lat' dir='ltr'>esse,</span> <span class='ocrx_word' id='word_1_297' title='bbox 365 3831 450 3896; x_wconf 91' lang='lat' dir='ltr'>aliae</span> <span class='ocrx_word' id='word_1_298' title='bbox 478 3850 542 3896; x_wconf 93' lang='lat' dir='ltr'>non</span> <span class='ocrx_word' id='word_1_299' title='bbox 572 3831 703 3896; x_wconf 89' lang='lat' dir='ltr'>obstant</span> <span class='ocrx_word' id='word_1_300' title='bbox 732 3828 950 3896; x_wconf 90' lang='lat' dir='ltr'>difficultates.</span> <span class='ocrx_word' id='word_1_301' title='bbox 998 3829 1080 3893; x_wconf 89' lang='lat' dir='ltr'>Nam</span> <span class='ocrx_word' id='word_1_302' title='bbox 1104 3828 1190 3910; x_wconf 86' lang='lat' dir='ltr'>quod</span> <span class='ocrx_word' id='word_1_303' title='bbox 1220 3826 1273 3891; x_wconf 91' lang='lat' dir='ltr'>ille</span> 
     </span>
    </p>
   </div>
   <div class='ocr_carea' id='block_1_5' title="bbox 177 4059 848 4233">
    <p class='ocr_par' dir='ltr' id='par_1_5' title="bbox 177 4059 848 4233">
     <span class='ocr_line' id='line_1_35' title="bbox 177 4059 834 4130; baseline 0.002 -17"><span class='ocrx_word' id='word_1_304' title='bbox 177 4061 200 4130; x_wconf 87' lang='lat'>1)</span> <span class='ocrx_word' id='word_1_305' title='bbox 218 4063 244 4116; x_wconf 86' lang='lat' dir='ltr'>si</span> <span class='ocrx_word' id='word_1_306' title='bbox 263 4061 412 4117; x_wconf 85' lang='lat' dir='ltr'>omittimus</span> <span class='ocrx_word' id='word_1_307' title='bbox 433 4059 535 4127; x_wconf 85' lang='lat' dir='ltr'>elegias</span> <span class='ocrx_word' id='word_1_308' title='bbox 554 4059 684 4121; x_wconf 82' lang='lat' dir='ltr'>Marathi3</span> <span class='ocrx_word' id='word_1_309' title='bbox 705 4059 738 4112; x_wconf 88' lang='lat' dir='ltr'>cf.</span> <span class='ocrx_word' id='word_1_310' title='bbox 753 4076 778 4128; x_wconf 93' lang='lat' dir='ltr'>p.</span> <span class='ocrx_word' id='word_1_311' title='bbox 793 4063 834 4114; x_wconf 77' lang='lat'>24.</span> 
     </span>
     <span class='ocr_line' id='line_1_36' title="bbox 177 4149 848 4233; baseline 0.001 -29"><span class='ocrx_word' id='word_1_312' title='bbox 177 4150 200 4220; x_wconf 74' lang='grc'>2)</span> <span class='ocrx_word' id='word_1_313' title='bbox 218 4151 295 4206; x_wconf 78' lang='lat' dir='ltr'>Burs.</span> <span class='ocrx_word' id='word_1_314' title='bbox 316 4149 498 4206; x_wconf 84' lang='lat' dir='ltr'>Jahresbb.X</span> <span class='ocrx_word' id='word_1_315' title='bbox 517 4151 607 4220; x_wconf 76' lang='grc'>(1811,</span> <span class='ocrx_word' id='word_1_316' title='bbox 620 4149 661 4216; x_wconf 85' lang='lat' dir='ltr'>Il)</span> <span class='ocrx_word' id='word_1_317' title='bbox 678 4166 704 4218; x_wconf 88' lang='lat' dir='ltr'>p.</span> <span class='ocrx_word' id='word_1_318' title='bbox 718 4151 770 4233; x_wconf 69' lang='grc'>181</span> <span class='ocrx_word' id='word_1_319' title='bbox 790 4166 848 4218; x_wconf 88' lang='lat' dir='ltr'>sqq.</span> 
     </span>
    </p>
   </div>
   <div class='ocr_carea' id='block_1_6' title="bbox 0 0 1474 4890">
    <p class='ocr_par' dir='ltr' id='par_1_6' title="bbox 0 0 1474 4890">
     <span class='ocr_line' id='line_1_37' title="bbox 0 0 1474 4890; baseline 0 0"><span class='ocrx_word' id='word_1_320' title='bbox 0 0 1474 4890; x_wconf 95' lang='lat' dir='ltr'> </span> 
     </span>
    </p>
   </div>
  </div>
 </body>
</html>
