2940 4890
1197 192 1320 288 'rr

150 405 194 470 Et
217 406 301 470 dona
324 406 461 486 quidem,
480 421 562 486 quae
578 405 780 485 responsioni
796 404 984 484 inserviunt,
1006 422 1197 485 quamquam
1221 403 1322 484 pluri-

150 513 263 578 fariam
289 513 444 577 eiusmodi
473 516 549 576 sunt
578 516 613 577 ut
641 510 693 575 vel
724 528 841 592 genere
869 510 919 575 vel
948 510 1085 574 materia
1113 511 1185 591 ipsa
1213 510 1322 592 aliqua

151 625 307 702 exparte
336 619 530 684 cohaereant
558 617 702 699 (praeter
731 622 798 684 tres
827 611 901 681 illas'
930 618 1049 682 classes
1082 620 1255 682 ruo-223
1281 618 1318 683 cl.

101 752 105 761 ·
153 731 191 793 12
217 732 251 792 et
278 728 326 807 13,
352 727 394 790 43
412 731 444 791 et
468 728 510 791 44
527 724 594 812 al),
618 714 855 807 respiciendum
873 728 922 788 est
946 743 984 788 ea
1001 743 1127 806 quoque
1150 725 1215 807 legi
1239 744 1321 807 quae

150 834 239 899 nulla
262 834 388 899 ratione
412 832 606 898 cohaereant
629 834 691 897 nisi
716 852 763 914 ea,
797 834 881 915 quod
909 830 1047 896 alterum
1071 833 1188 896 donum
1217 832 1320 898 altero

150 960 208 1023 per
231 960 266 1006 se
289 941 395 1022 ipsum
411 940 540 1004 videtur
563 940 738 1022 pretiosius
763 959 842 1006 esse.
883 941 1020 1005 Videtur
1045 976 1085 985 —
1111 939 1191 1019 dico,
1217 958 1321 1021 neque

150 1048 244 1127 enim,
270 1047 297 1111 si
321 1066 374 1112 res
398 1065 515 1129 genere
539 1047 590 1112 vel
613 1047 751 1112 materia
774 1066 907 1129 prorsus
932 1048 1078 1112 diversae
1103 1053 1318 1129 opponuntur,

149 1153 245 1220 facile
275 1158 325 1218 est
353 1159 461 1219 utrum
490 1154 584 1219 vilius
613 1155 656 1219 sit
685 1159 793 1218 utrum
817 1155 991 1235 pretiosius
1022 1159 1108 1219 certe
1132 1153 1319 1218 diiudicata.

148 1261 192 1327 Et
208 1281 400 1343 quamquam
418 1263 594 1344 angustias,
620 1280 702 1343 quae
725 1260 784 1326 tali
805 1262 899 1332 ruodo
916 1261 1026 1342 parari
1041 1261 1201 1340 videntur,
1226 1259 1320 1325 facile

150 1368 299 1452 effugeris
313 1371 340 1434 si
355 1371 486 1437 lacunas
502 1371 597 1435 unius
614 1370 664 1434 vel
678 1368 818 1450 plurium
835 1369 1092 1450 epigrammaton
1106 1368 1263 1448 posueris
1279 1369 1319 1432 ad

150 1497 220 1543 eam
249 1483 358 1543 tamen
388 1479 546 1543 rationem
577 1477 730 1556 criticam,
766 1494 850 1558 quae
871 1476 988 1540 ultima
1023 1492 1150 1556 semper
1185 1480 1244 1555 est,
1280 1494 1321 1540 ne

150 1587 279 1668 saepius
295 1585 475 1669 refugiatur
491 1585 666 1650 cavendum
683 1601 754 1649 esse
770 1587 860 1664 puto,
885 1583 1077 1664 praesertim
1095 1583 1122 1647 si
1144 1582 1178 1647 id
1194 1600 1320 1664 quoque

148 1694 331 1775 respicitur,
356 1692 540 1757 Martialem
556 1710 619 1756 non
640 1709 715 1756 raro
739 1708 792 1755 res
817 1688 866 1755 vel
882 1707 1037 1770 personas
1061 1688 1148 1753 illius
1164 1690 1320 1770 temporis

149 1801 216 1865 sive
239 1799 385 1880 publicas
409 1799 477 1864 sive
493 1797 637 1879 privatas
661 1797 777 1876 locare,
803 1814 937 1878 quarum
959 1795 1175 1878 cognitionem
1191 1795 1320 1877 plenam

147 1906 213 1970 ianr
252 1925 316 1969 non
350 1905 520 1984 habemus3
561 1922 623 1985 quo
659 1901 731 1967 fieri
765 1907 943 1985 potestat,
979 1922 1061 1984 quae
1095 1903 1151 1968 ille
1187 1903 1319 1969 consilio

147 2011 235 2077 haud
252 2013 317 2077 scio
334 2030 374 2076 au
392 2017 480 2076 certo
497 2010 727 2093 respondentia
743 2008 820 2075 lecit
836 2011 1078 2092 epigrammata,
1103 2028 1160 2076 nos
1179 2011 1220 2076 ad
1243 2011 1320 2092 quid

149 2119 368 2199 spectaverint
392 2138 454 2183 non
478 2117 708 2198 intelligamus.

237 2225 326 2290 Haec
350 2226 389 2290 de
416 2225 560 2290 universi
587 2224 663 2290 libri
692 2222 930 2290 condicionibus
958 2223 1081 2304 placuit
1109 2223 1319 2304 praemittere

147 2335 184 2394 ut
207 2331 329 2396 minore
358 2333 550 2414 suspicione,
580 2350 662 2413 quae
691 2331 818 2412 quidem
847 2334 973 2411 spectet
1001 2330 1043 2394 ad
1070 2330 1213 2394 ordinem
1242 2348 1319 2411 apo·

147 2437 367 2518 phoretorum,
394 2439 433 2503 de
457 2457 495 2502 ea
522 2443 616 2519 parte
645 2437 722 2502 libri
750 2438 871 2518 inqua
897 2436 1017 2518 legitur
1041 2437 1142 2518 epigr.
1168 2436 1229 2499 193
1255 2435 1320 2501 dis-

146 2547 284 2608 seratur.

236 2649 481 2732 Epigrammata
519 2669 601 2732 quae
640 2651 806 2732 pertinent
845 2650 886 2713 ad
923 2647 1024 2713 libros
1064 2649 1236 2713 183-196
1273 2649 1320 2712 ita

147 2756 304 2838 inscripta
327 2761 415 2820 sunt:

150 3021 221 3084 183.
248 3020 380 3085 IJomeri
422 3023 670 3107 Batrncbompo-
763 3021 835 3084 184.
860 3021 1017 3086 Homerus
1046 3022 1080 3084 in
1107 3020 1319 3105 pupillaribus

281 3127 412 3190 moabia.
892 3129 1091 3192 membranis.

149 3236 222 3300 185.
258 3233 371 3318 Verpili
395 3231 498 3297 Calan.
763 3233 835 3295 186.
870 3232 1018 3317 Verpilius
1041 3235 1074 3296 in
1098 3236 1296 3298 membranis.

150 3343 222 3406 187.
252 3339 450 3426 ,Μενάνδρου
475 3341 567 3415 Θαῒς.
762 3339 835 3405 188.
862 3338 965 3404 Cicero
988 3340 1021 3401 in
1045 3341 1244 3406 membranis.

149 3449 221 3512 189.
246 3447 442 3512 Monobiblos
465 3449 624 3535 Properti.
764 3449 834 3510 190.
864 3445 1066 3510 litusLiuias
1075 3448 1108 3510 in
1117 3449 1316 3511 membranis.

149 3555 222 3617 191.
246 3553 422 3616 Sallustius.
762 3556 833 3619 192.
860 3553 952 3618 Ovidi
980 3555 1246 3641 Metamorphoses
1284 3556 1318 3617 in

892 3662 1091 3726 membranis.

397 3817 458 3905 (D)
1006 3818 1066 3907 (Ρ)

150 3927 220 3991 193.
252 3925 401 3990 Tibullus.
533 3980 535 3985 .
762 3927 834 3990 194.
858 3927 1018 3992 Lucanus.

149 4035 221 4101 195,
248 4032 395 4099 Catrrllus.
762 4033 833 4117 196.
860 4031 947 4098 Geloi
974 4035 1011 4098 de
1044 4057 1144 4120 aquae
1170 4035 1317 4120 frididae

891 4163 959 4204 imi.
