2940 4890
1279 224 1321 286 39

151 397 352 479 cogitaverit,
378 416 439 461 uon
465 398 570 479 potuit
594 396 700 463 lacero
716 399 793 479 quin
810 417 901 462 suum
925 400 957 462 in
981 418 1084 479 usum,
1109 400 1167 464 sed
1190 400 1321 480 proprio

149 506 253 582 modo,
279 505 338 569 boc
362 509 573 569 converteret.
619 505 747 570 Adiecit
770 506 871 585 igitur
894 505 1019 570 Deliam
1044 525 1180 586 quoque,
1210 526 1321 587 quam-

150 629 244 692 quam
269 611 302 674 id
326 611 504 674 condicioni
527 630 609 692 quae
632 610 694 677 fuit
717 631 745 676 a.
765 609 892 693 735J19
918 613 980 675 iam
1005 631 1068 676 non
1092 612 1320 694 respondebat.

149 717 213 782 Sed
236 729 299 781 non
328 735 423 780 unam
452 717 570 782 adiecit
597 719 764 799 aptissime
793 719 935 800 quidem:
965 737 1061 782 uuam
1089 719 1116 782 si
1145 719 1319 784 adiecisset

151 823 277 887 Deliam
300 824 396 887 matri
420 828 452 888 et
476 825 577 888 sorori
601 826 742 903 tertiam,
766 826 874 906 aliqua
898 842 936 888 ex
960 830 1053 906 parte
1070 825 1184 904 oratio,
1210 844 1320 906 quam-

150 1037 278 1117 etenim,
302 1041 339 1100 ut
362 1036 421 1100 hoc
444 1036 581 1117 primum
604 1056 760 1118 moneam,
787 1056 857 1102 cum
881 1038 965 1103 binis
984 1038 1128 1103 versibus
1152 1039 1207 1120 qui
1231 1056 1322 1120 spec-

149 1144 262 1208 tabant
286 1144 325 1207 ad
350 1147 485 1207 matrem
510 1148 544 1208 11
567 1162 709 1209 sororem
737 1163 886 1225 supremo
916 1144 948 1207 in
978 1143 1069 1208 illum
1098 1142 1203 1210 officio
1232 1144 1321 1210 func·

150 1255 240 1315 taras
265 1249 455 1315 Tibullianis
479 1249 548 1330 ipse
572 1251 664 1316 binos
688 1250 849 1316 sententia
878 1249 1057 1314 simillimos
1088 1251 1321 1331 respondentes

149 1357 255 1420 facere
279 1361 389 1437 posset
418 1361 451 1420 et
473 1354 604 1437 faceret,
638 1358 676 1420 de
701 1356 794 1421 Delia
822 1356 945 1438 aliquid
973 1357 1047 1421 novi
1077 1357 1322 1439 excogitandum

149 1461 221 1542 luit,
252 1481 322 1526 cum
347 1461 491 1526 Tibullus
516 1462 587 1544 (Ill,
604 1482 633 1527 v.
653 1465 685 1544 9)
712 1463 771 1527 hoc
795 1464 1016 1528 tantummodo
1042 1464 1161 1536 „Delio
1184 1488 1247 1529 nora
1270 1490 1321 1528 os-

149 1579 264 1654 quom“
278 1569 400 1634 dnobus
417 1570 472 1650 qui
490 1570 724 1634 antecedebant
737 1570 883 1634 distichis
901 1571 1042 1635 adiciens
1058 1575 1190 1651 tumque
1209 1572 1319 1636 statim

149 1677 190 1741 ad
209 1677 331 1741 Deliam
345 1696 383 1740 ex
397 1676 476 1740 urbe
493 1677 598 1756 ipsum
615 1677 801 1757 priusquam
820 1676 1004 1741 Messallam
1021 1681 1210 1757 sequeretur
1226 1678 1322 1742 comi-

148 1787 270 1846 tantem
295 1799 450 1862 sacraque
464 1781 633 1847 facientem
658 1801 776 1863 parans
800 1783 973 1846 transitum
997 1783 1082 1863 quod
1113 1782 1211 1848 vellet
1240 1783 1322 1848 hanc

149 1889 299 1953 morienti
316 1889 366 1953 vel
382 1895 508 1952 mortno
525 1893 694 1970 praestare
710 1889 756 1953 nil
774 1889 947 1954 attulisset.
984 1889 1097 1970 Itaque
1116 1907 1186 1953 cum
1205 1889 1244 1953 de
1262 1889 1322 1954 hac

149 1996 220 2078 ipsa
244 1995 364 2076 aliquid
392 1994 577 2075 fingendum
606 2000 701 2075 esset,
732 1996 817 2076 quod
846 1996 942 2061 rebus
965 2001 1002 2061 ut
1025 2001 1093 2060 tum
1120 1995 1162 2070 (a.
1182 1991 1322 2079 735s19)

149 2107 242 2166 erant
256 2107 464 2183 repugnaret,
489 2121 552 2167 non
576 2101 737 2166 dubitavit
752 2103 829 2183 quin
847 2103 1007 2167 Nemesim
1026 2103 1163 2168 altorum
1181 2122 1322 2167 amorem

148 2206 298 2290 fingendo
324 2209 440 2273 ceteris
464 2210 660 2290 adnecteret,
687 2229 879 2291 quamquam
904 2209 986 2274 hauc
1002 2228 1104 2290 aeque
1120 2246 1154 2252 „
1171 2213 1208 2272 ut
1226 2228 1322 2290 expo·

149 2314 336 2379 suimus·-—
362 2333 400 2379 ac
424 2315 550 2379 Deliam
573 2335 625 2381 rcs
650 2317 740 2398 ipsae
764 2319 957 2383 abnuebant.
1013 2315 1104 2393 Quod
1133 2334 1204 2379 cum
1229 2332 1320 2378 exon-

148 2422 293 2500 sandum,
318 2426 386 2484 tum
410 2422 604 2487 laudandum
628 2429 689 2503 est,
718 2423 877 2504 quiahoc
905 2423 998 2487 modo
1023 2422 1155 2486 Ovidius
1180 2421 1321 2503 descrip-

148 2529 227 2594 tioni
252 2547 313 2592 uon
338 2529 431 2593 modo
456 2528 501 2592 nil
525 2528 634 2594 nocuit
650 2530 707 2594 sed
724 2530 786 2595 vim
803 2529 991 2594 necessitati
1013 2533 1177 2610 tamquam
1202 2547 1320 2609 pareus

147 2637 262 2700 mirum
279 2640 433 2717 quantum
450 2636 549 2700 auxit.
586 2635 714 2700 Etenim
737 2637 930 2717 praesertim
944 2655 1014 2700 cum
1027 2654 1126 2717 supra
1142 2638 1182 2716 (v.
1195 2636 1246 2698 31.
1264 2635 1320 2714 32)

146 2744 272 2808 Deliam
308 2747 341 2806 et
377 2743 538 2807 Nemesim
578 2741 772 2807 carminibus
812 2748 863 2807 sat
901 2742 1101 2824 pervulgatis
1141 2741 1320 2806 celebratas

63 2908 70 2919 .
146 2851 267 2916 diserte
302 2849 476 2929 laudasset,
516 2849 578 2914 hoo
612 2850 682 2914 loco
718 2848 844 2912 Deliam
883 2866 1133 2915 commemorare
1169 2848 1318 2913 omittere

148 2957 310 3022 Nemesim
333 2954 424 3021 nefas
448 2955 518 3020 fuit.
560 2957 649 3034 Quod
673 2975 736 3019 non
760 2957 853 3021 modo
871 2976 909 3021 ex
926 2956 1087 3021 sententia
1103 2956 1320 3020 necessarium

147 3063 318 3128 videbatur
341 3064 398 3128 sed
421 3062 543 3128 formae
566 3080 692 3144 quoque
716 3081 912 3145 magnopere
928 3062 1059 3144 profuit.
1100 3062 1228 3126 Etenim
1249 3080 1320 3124 oum

147 3169 212 3234 iam
228 3174 381 3249 quattuor
404 3188 562 3251 personae
585 3173 715 3250 praesto
740 3175 849 3234 essent
873 3168 1045 3234 difficultas
1069 3169 1137 3248 illa,
1163 3168 1320 3250 quomodo

147 3276 243 3341 Delia
265 3277 363 3341 tertia
388 3276 511 3341 duobus
540 3275 805 3340 antecedentibus
834 3276 1071 3354 adnecteretnr,
1101 3275 1229 3339 sublata
1258 3279 1319 3338 est,

147 3383 219 3446 Duo
243 3383 335 3462 paria
357 3381 451 3447 facile
468 3383 660 3447 evadebant:
687 3386 791 3445 mater
808 3387 840 3445 et
857 3400 947 3446 soror
964 3380 1014 3466 (ut
1030 3382 1115 3462 apud
1133 3379 1318 3461 Tibullum),

118 3485 119 3488 ’
147 3488 242 3553 Delia
271 3493 304 3552 et
326 3487 482 3554 Nemesis.
531 3490 636 3569 Atque
660 3507 768 3553 rerum
793 3488 1018 3569 aequabilitati
1041 3486 1145 3552 forma
1168 3488 1318 3553 inservit:

148 3594 307 3659 distichon
331 3613 429 3658 unum
459 3595 544 3675 quod
573 3594 790 3660 condicionem
815 3595 955 3676 explicat
984 3595 1073 3659 illam
1102 3594 1316 3659 Tibullianam

147 3702 178 3764 in
204 3699 309 3765 fronte
333 3701 472 3782 positum
498 3707 549 3766 est
573 3706 635 3781 (vv.
653 3702 706 3765 47.
724 3703 790 3785 48),
820 3705 998 3784 sequuntur
1027 3699 1154 3781 singula
1183 3700 1322 3766 disticha

149 3808 190 3872 ad
213 3812 350 3872 matrem
374 3814 407 3873 et
430 3826 573 3874 sororem
589 3809 787 3889 pertinentia
803 3810 845 3891 (v.
864 3810 915 3872 49.
935 3810 993 3886 50;
1020 3809 1071 3870 51.
1091 3809 1160 3886 bil:
1187 3807 1316 3888 quibus-

148 3933 220 3979 cum
243 3914 369 3979 Deliam
394 3920 427 3979 et
450 3915 610 3981 Nemesim
640 3917 838 3981 consociatas
866 3914 965 3980 luisse
994 3932 1064 3978 cum
1088 3933 1150 3978 uno
1179 3913 1318 3978 disticho

149 4022 216 4104 (53.
232 4022 287 4105 54)
303 4021 484 4087 laudaverit
501 4022 633 4088 Ovidius
649 4024 766 4086 iterum
783 4022 847 4086 iarn
864 4020 999 4102 singulis
1016 4018 1161 4084 distichis
1180 4020 1248 4098 (55.
1264 4020 1319 4093 56;

150 4132 203 4195 57.
221 4130 278 4213 58)
314 4128 392 4209 quid
414 4129 508 4193 Delia
542 4131 619 4212 quid
648 4130 794 4195 Nemesis
829 4130 863 4193 in
898 4128 1010 4193 sunere
1045 4125 1180 4190 fecerint
1215 4125 1318 4209 fingit.
