2940 4890
1277 241 1317 303 35

148 414 234 478 ciant
260 416 298 476 nt
324 415 495 490 utrumque
521 410 639 474 librum
668 411 731 474 iam
762 413 888 492 pridem
915 414 948 478 in
979 414 1142 493 publicum
1171 416 1317 495 prodisse

146 520 318 584 videantur
341 535 477 592 sumere,
507 516 615 597 aliqua
645 537 682 582 ex
714 525 808 598 parte
836 519 946 584 valent
974 520 1015 585 ad
1043 539 1154 587 versus
1183 522 1319 603 epicedii

147 627 233 709 (ipso
257 644 340 690 anno
359 624 483 707 tsssns
501 624 627 705 scripti)
644 624 697 706 qui
716 631 865 705 spectant
889 628 930 692 ad
949 628 1115 706 „Deliam“
1135 633 1168 694 et
1188 628 1319 707 „Neme-

148 733 228 797 sim“
255 732 368 811 editas,
394 731 657 812 comprobandos

237 840 367 919 lamque
391 838 431 902 ad
456 837 624 917 epicedion
647 839 733 903 unde
763 840 927 903 exordium
952 840 1100 905 duximus
1124 842 1319 907 recurrimus

148 951 184 1010 ut
206 950 337 1026 praeter
360 962 416 1009 eos
440 963 550 1010 versus
575 945 614 1008 de
638 945 755 1026 quibus
785 946 995 1011 disseruimus
1027 947 1118 1027 alios,
1149 949 1202 1030 qui
1232 949 1319 1013 criti·
1377 1018 1381 1030 ,

148 1071 257 1117 corum
286 1050 503 1116 moliminibus
530 1069 593 1135 non
623 1056 698 1131 apte
726 1052 875 1131 temptati
907 1058 991 1132 sunt,
1019 1072 1083 1117 non
1112 1055 1217 1119 minus
1247 1055 1319 1119 illos

148 1160 276 1240 quidem
312 1157 513 1238 pertinentes
549 1158 589 1220 ad
625 1156 780 1221 librorum
816 1159 973 1239 imprimis
1008 1160 1222 1239 „Nemeseos“
1254 1163 1320 1226 edi-

147 1268 268 1332 tionem
302 1265 518 1329 examinemus
552 1270 585 1327 01
614 1265 641 1327 01
669 1263 740 1328 fieri
773 1269 882 1346 potest
910 1267 1029 1331 rectius
1059 1268 1318 1349 interpretemur.

147 1377 269 1441 Versus
293 1373 367 1437 inde
392 1374 475 1435 047
502 1376 577 1434 sunt
600 1370 646 1435 hi:

344 1480 398 1543 sed
419 1492 523 1543 romeu
546 1478 601 1541 100
624 1477 742 1549 melius,
769 1502 863 1563 quum
887 1480 916 1541 si
938 1480 1097 1544 Phaeacia
1120 1481 1208 1546 telius

388 1589 527 1671 10001001
550 1585 605 1648 0111
628 1586 837 1670 supposuisset
859 1586 961 1650 10000.

344 1695 415 1757 binc
439 1705 515 1758 certe
538 1695 682 1756 madidos
702 1694 850 1777 fupieutis
868 1696 986 1778 pressit
1009 1694 1118 1758 ocellos

256 1803 298 1865 50
389 1811 495 1870 neuter,
521 1811 548 1863 et
570 1800 604 1861 iu
628 1800 742 1863 0100000
766 1798 876 1862 ultima
900 1801 983 1862 douc
1006 1801 1091 1862 tulit:

343 1906 414 1968 binc
436 1928 526 1969 soror
548 1907 582 1968 iu
600 1917 725 1990 partem
748 1907 863 1970 misera
886 1929 955 1969 cum
979 1919 1077 1971 matre
1099 1908 1216 1971 doloris

388 2014 478 2094 venit,
502 2013 665 2076 inornatus
688 2013 844 2077 dilaniata
867 2036 986 2076 comus:

345 2142 472 2204 cumque
495 2121 556 2182 tuis
580 2143 637 2184 suu
660 2122 827 2185 iurauerunt
849 2119 1053 2206 Nemesisque
1071 2122 1223 2207 priorque

388 2227 493 2291 oscula
515 2249 570 2291 uec
593 2227 672 2291 00100
697 2229 857 2292 destituere
880 2250 979 2312 ropos.

256 2335 297 2398 55
344 2333 442 2398 Delia
465 2335 651 2398 descendeus
676 2381 694 2406 ‚‚
695 2334 847 2419 10110100ιι
872 2335 974 2418 iuquit
998 2346 1126 2405 ,001010

388 2464 457 2503 sum
480 2441 553 2503 tibi:
577 2441 689 2513 0101011,
716 2442 791 2503 dum
814 2451 884 2503 tuus
907 2441 989 2523 19010
1013 2449 1131 2503 00000,“

345 2549 394 2610 cui
409 2547 554 2611 Nemesis
578 2549 697 2633 „quid“
722 2548 766 2610 011
791 2547 869 2620 „tibi
892 2558 963 2609 suut
978 2569 1046 2610 rnen
1063 2548 1181 2610 damna
1197 2546 1320 2612 (1010111

387 2677 434 2718 me
457 2655 552 2718 terruit
575 2655 709 2718 moriens
734 2655 889 2740 deficiente
912 2661 1042 2717 mauu,“

239 2760 287 2824 Ex
310 2760 360 2825 his
385 2761 530 2826 versibus
553 2762 615 2826 viri
640 2762 725 2826 docti
754 2779 864 2825 omnes
887 2760 956 2826 fere
982 2796 1022 2806 -
1047 2778 1241 2842 quamquam
1264 2761 1320 2825 alii

151 2867 213 2932 alio
241 2868 401 2932 00010-
433 2868 648 2949 colligendum
677 2887 747 2932 0000
776 2869 992 2949 opinabantur
1024 2867 1227 2947 ,1101000110ιι
1253 2867 1273 2931 1.
1293 2886 1319 2932 0.

149 2973 265 3038 librum
290 2975 463 3039 secundum
489 2980 696 3041 extremum
723 2973 823 3038 fuisse
848 2975 967 3039 Tibulli
996 2974 1184 3056 opusculum
1211 2975 1322 3055 itaque

150 3099 219 3146 curn
253 3086 460 3162 praematura
492 3088 597 3146 morte
630 3082 834 3162 abriperetur
866 3101 979 3162 parum
1013 3082 1143 3162 plenum
1174 3081 1321 3145 relictum

151 3207 233 3254 0000.
280 3189 348 3255 Ηο0
374 3189 574 3254 coniecturas
603 3189 791 3269 priusquam
821 3188 1038 3253 examinemus
1068 3192 1101 3253 et
1124 3187 1320 3269 refellamus,

149 3296 252 3378 ipsam
286 3296 465 3361 orationem
499 3301 533 3361 01
567 3314 773 3377 progressum
809 3295 1043 3360 sententiarum
1079 3295 1251 3375 diligenter
1285 3297 1322 3357 ut

149 3405 381 3486 perspiciamus
405 3404 483 3485 quid
506 3404 569 3470 sibi
592 3403 693 3468 velint
718 3421 849 3483 operam
873 3402 1031 3468 dabimus.
1079 3400 1248 3467 Sententia
1272 3404 1323 3465 est

98 3498 101 3502 ’
148 3511 242 3576 haec:
270 3512 489 3592 „Quamquam
513 3510 684 3576 dolendum
710 3515 796 3576 esset
820 3511 905 3591 quod
929 3529 969 3575 ne
995 3528 1086 3576 sacro
1111 3509 1240 3590 quidem
1256 3506 1323 3572 vati

151 3618 277 3684 Tibullo
300 3617 369 3684 fata
393 3618 623 3700 pepercissent,
648 3618 749 3682 multo
772 3623 881 3682 tamen
911 3617 1025 3682 melius
1054 3616 1153 3680 inisse
1181 3614 1267 3695 quod
1288 3612 1322 3675 10

149 3727 257 3809 patria
279 3731 429 3791 mortuus
454 3730 540 3790 esset
563 3743 659 3806 quam
683 3725 711 3789 si
735 3722 894 3807 Corcyrae
920 3724 1004 3789 diem
1032 3739 1219 3803 supremum
1247 3719 1322 3783 olim

149 3817 349 3922 (araneo)
375 3834 505 3898 obisset.
558 3832 687 3897 atenim
711 3832 738 3896 si
766 3832 800 3896 n
824 3831 937 3912 ignota
967 3831 1024 3895 ina
1055 3835 1144 3893 terra
1173 3827 1240 3891 vua
1269 3825 1323 3889 ne-

150 3944 300 4008 cessisset
324 3939 469 4005 futurum
493 3939 593 4004 fuisse
622 3946 660 4004 nt
683 3957 741 4003 nec
771 3943 876 4004 mater
904 3956 963 4002 nec
988 3955 1080 4003 soror
1106 3953 1166 4000 nec
1193 3932 1320 4015 puellae

148 4056 277 4136 amatae
300 4045 405 4112 funeri
428 4046 641 4113 interessent:
668 4046 722 4127 qui
739 4046 860 4110 cumin
880 4045 987 4125 patria
1004 4044 1043 4108 de
1059 4042 1125 4106 vita
1140 4042 1322 4121 migrasset,

148 4154 289 4222 officium
313 4159 492 4219 extremum
515 4172 579 4218 non
604 4153 698 4217 modo
716 4151 813 4216 matri
830 4156 864 4214 et
879 4151 993 4228 sorori,
1020 4148 1077 4212 sed
1093 4147 1191 4212 etiam
1206 4145 1323 4229 puellis

1130 4259 1163 4317 3*
