2940 4890
217 234 259 295 46

215 409 319 475 tentia
347 429 383 474 eo
413 410 495 490 quod
523 409 606 473 liber
635 411 793 475 secundus
823 430 885 475 non
909 410 999 476 brevi
1024 415 1099 476 ante
1123 411 1246 477 obitum
1270 417 1386 492 poetae

216 516 272 579 sed
293 515 510 596 compluribus
529 516 620 580 annis
638 520 712 581 ante
726 513 887 580 confectus
901 515 1087 598 publicique
1099 517 1178 581 iuris
1191 516 1294 582 iactus
1316 536 1388 584 esse

215 623 352 686 videtur.
389 623 480 700 Quod
499 622 627 704 quidem
640 622 744 687 critici
768 627 942 705 propterea
957 642 1021 688 non
1045 623 1282 704 intellexerunt,
1300 624 1386 706 quod

215 729 345 794 Disseni
376 730 526 811 opinione
556 729 608 812 (de
632 730 809 795 certamine
833 730 899 812 illo)
925 730 1011 811 capti
1034 730 1195 810 putabant
1224 730 1388 796 Nemesim

216 841 392 900 extremum
405 835 523 900 Tibulli
535 855 676 900 amorem
687 834 796 902 fuisse.
831 836 900 900 Hoc
917 841 1025 901 autem
1041 835 1156 901 falsum
1169 853 1240 901 esse
1258 837 1388 900 demon·

216 942 335 1020 strabo,
360 946 402 1021 et,
421 943 448 1006 si
464 941 535 1006 fieri
552 947 670 1023 potest,
688 962 750 1024 quo
766 941 835 1007 fere
853 961 935 1007 anno
959 942 1042 1007 liber
1058 943 1164 1008 editus
1181 944 1224 1007 sit
1239 944 1387 1008 omnibus

215 1048 346 1130 quaead
354 1067 422 1114 rem
429 1049 594 1129 pertinere
602 1048 752 1114 videntur
760 1050 888 1115 auxiliis
898 1049 1077 1130 adsumptis
1087 1048 1227 1130 probare
1236 1049 1385 1114 conabor.

306 1157 350 1220 Ac
384 1155 524 1236 primum
558 1156 687 1236 quidem
723 1159 807 1237 quod
843 1157 913 1238 ipse
948 1156 1105 1220 Dissenus
1134 1155 1231 1220 sumit
1260 1155 1387 1220 exiliis

216 1259 321 1326 Ovidii
354 1263 509 1343 versibus,
540 1280 690 1347 amorem,
721 1265 776 1347 qui
800 1264 1024 1329 intercedebat
1051 1263 1137 1326 inter
1164 1261 1325 1328 Tibullum
1354 1266 1387 1326 et

215 1370 385 1451 Nemesim,
411 1389 438 1435 a.
459 1371 582 1446 735ne
607 1389 670 1435 non
695 1370 758 1434 iam
781 1367 907 1434 finitum
931 1368 1040 1451 luisse,
1064 1389 1128 1434 non
1151 1369 1245 1434 modo
1269 1387 1328 1450 per
1352 1387 1388 1433 se

214 1477 286 1543 ideo
321 1477 516 1542 reiciendum
546 1483 597 1541 est
624 1477 708 1557 quod
736 1495 775 1541 ex
802 1474 879 1541 ficta
907 1477 1069 1542 sententia
1097 1495 1192 1558 quam
1221 1495 1284 1541 non
1313 1493 1388 1557 per-

215 1585 320 1666 spexit
348 1585 404 1649 ille
431 1582 554 1664 aliquid
578 1583 646 1649 veri
681 1600 795 1647 eruere
824 1583 956 1662 studuit,
982 1585 1039 1649 sed
1064 1584 1160 1648 etiam
1184 1584 1282 1649 rebus
1306 1599 1387 1663 quas

214 1692 360 1756 novimus
381 1709 420 1755 ex
442 1690 561 1756 Tibulli
583 1690 658 1754 libri
683 1689 816 1755 secundi
832 1689 1027 1754 carminibus
1052 1709 1135 1771 quae
1160 1690 1198 1754 ad
1224 1687 1387 1754 Nemesim

215 1803 364 1879 spectant
391 1798 558 1879 ipsiusque
587 1795 692 1862 Ovidii
717 1814 835 1877 genere
859 1796 985 1862 dicendi
1009 1795 1138 1880 (clip.
1154 1796 1208 1879 48)
1232 1795 1312 1860 satis
1336 1813 1388 1858 re-

213 1903 345 1969 fellitur.
392 1905 520 1970 Etenim
555 1921 681 1969 amores
716 1903 770 1983 qui
805 1903 1024 1986 depinguntur
1045 1903 1079 1966 in
1103 1921 1147 1967 cc.
1171 1901 1219 1966 ΙΙΙ
1237 1901 1280 1966 IV
1297 1900 1325 1965 V
1342 1900 1388 1965 VI

214 2029 407 2092 quamquam
438 2010 646 2093 pulcherrimi
678 2011 894 2091 descriptione
930 2031 966 2077 re
993 2015 1060 2074 tam
1088 2008 1198 2074 miseri
1231 2010 1315 2086 sunt,
1349 2012 1387 2072 ut

214 2117 301 2182 credi
324 2136 388 2183 non
412 2117 515 2198 possit
539 2116 700 2181 Tibullum
722 2117 756 2180 in
778 2117 839 2181 hoo
867 2135 976 2182 amore
1000 2116 1120 2182 diutius
1149 2132 1387 2197 perseverasse.

214 2222 257 2287 At
286 2224 313 2287 si
346 2224 418 2305 quis
446 2222 532 2287 dicat
560 2222 648 2303 ipsas
686 2223 800 2288 horum
830 2223 1005 2288 carminum
1034 2221 1235 2288 condiciones
1269 2239 1388 2302 magna

213 2327 352 2394 fortasse
376 2349 414 2395 ex
437 2333 531 2410 parte
553 2327 646 2393 fictas
670 2347 750 2408 esse,
775 2329 1004 2411 respondemus
1028 2329 1113 2393 idem
1137 2348 1175 2394 ac
1198 2347 1297 2410 supra
1320 2347 1387 2393 mo-

213 2435 340 2499 nuimus
369 2454 498 2500 carmen
526 2439 702 2501 extremum
732 2434 777 2500 VI
800 2454 838 2500 ea
862 2434 992 2501 fictione
1017 2435 1228 2516 compositum
1252 2452 1324 2518 esse
1348 2438 1386 2498 ut

213 2542 259 2605 nil
282 2547 362 2623 post
390 2543 423 2606 id
459 2542 669 2608 desideretur.
721 2543 823 2608 Poeta
850 2542 1014 2622 videlicet,
1041 2560 1112 2606 cum
1135 2543 1175 2606 de
1198 2539 1329 2607 Nemesi
1353 2540 1387 2604 in

213 2648 351 2728 gratiam
368 2648 430 2714 sibi
445 2649 644 2715 concilianda
661 2649 852 2728 desperaret
868 2654 901 2714 et
915 2650 1033 2715 librum
1050 2649 1225 2713 secundum
1241 2646 1383 2712 carmine

213 2753 258 2818 VI
272 2752 398 2820 finisset
414 2755 455 2820 ad
472 2754 552 2820 alias
568 2773 621 2819 res
638 2773 673 2819 se
690 2755 861 2820 convertit:
880 2754 1050 2836 Glyceram
1067 2773 1175 2820 amare
1188 2759 1221 2820 et
1237 2752 1385 2818 carmini-

215 2858 275 2924 bus
289 2879 381 2925 orare
395 2861 509 2942 coepit,
524 2860 684 2942 Sulpiciae
698 2865 730 2926 et
739 2859 883 2926 Cerinthi
897 2880 1022 2928 amores
1030 2862 1109 2944 cycli
1116 2860 1220 2927 forma
1229 2859 1385 2941 depinxit.

215 2967 344 3033 Etenim
367 2967 391 3030 ii
407 2969 463 3049 qui
480 2968 654 3033 censebant
671 2967 838 3050 Glyceram
856 2969 990 3034 eandem
1015 2987 1086 3034 esse
1110 2972 1207 3049 atque
1223 2966 1386 3031 Nemesim

212 3094 277 3140 non
301 3075 382 3139 satis
406 3075 545 3139 animum
570 3075 782 3139 attenderunt
804 3075 844 3138 ad
868 3075 998 3140 Horatii
1022 3093 1149 3140 carmen
1173 3074 1199 3154 Ι,
1213 3074 1266 3153 33,
1283 3073 1384 3135 1-4;

469 3181 554 3255 Albi,
579 3205 617 3246 rie
640 3182 745 3246 doleas
766 3183 839 3268 plus
862 3183 960 3246 nimio
984 3205 1103 3247 memor

469 3291 587 3355 inmitis
611 3288 767 3380 Glycerae,
791 3313 851 3354 oea
875 3289 1065 3355 miserabiles

469 3400 609 3463 decantes
633 3398 729 3482 elepoo
753 3421 809 3461 car
831 3399 887 3460 tibi
909 3396 1015 3460 iunior

514 3505 597 3571 laesa
616 3506 794 3591 praeniteat
807 3505 886 3590 fide.

300 3608 337 3673 In
361 3610 444 3677 libro
462 3617 568 3678 autem
587 3612 726 3679 secundo
748 3609 928 3675 Tibulliano
947 3627 1104 3690 nusquam
1128 3607 1264 3688 legimus
1280 3605 1385 3670 iunio-

211 3734 279 3780 rem
308 3721 484 3783 amatorem
509 3719 712 3800 superavisse
737 3716 897 3781 Tibullum
933 3716 991 3781 sed
1025 3714 1157 3781 divitem
1192 3713 1241 3779 eui
1271 3711 1385 3776 Neme-

211 3823 256 3888 sis
295 3842 330 3889 se
367 3824 503 3890 dederat
536 3830 700 3891 auctorem
732 3822 832 3890 luisse
864 3823 952 3887 illius
988 3837 1213 3887 aerumnarum
1223 3819 1257 3901 ¹).
1320 3816 1385 3882 Sed

282 4055 305 4123 1)
322 4053 357 4107 In
376 4054 490 4107 eundem
510 4069 627 4107 errorem
646 4070 734 4123 nuper
752 4052 853 4106 recidit
865 4052 991 4120 Ramsay,
1005 4045 1156 4104 Selectiods
1172 4047 1242 4103 from
1257 4044 1384 4100 Tibullus

211 4145 265 4199 and
283 4144 451 4212 Propertius,
470 4142 574 4196 Oxiord
595 4144 670 4210 1887,
689 4159 716 4214 p.
732 4141 818 4198 XXV.
