2940 4890
1281 241 1321 305 63

150 420 277 484 demum
302 425 450 502 spectent
472 425 653 503 temporum
677 420 863 486 testimonia
883 424 1014 502 praeter
1037 438 1154 484 annum
1179 420 1320 485 natalem

142 528 189 608 (a.
216 520 355 620 llls43)
380 527 469 593 nulla
491 529 578 593 tradi
601 546 706 610 neque
731 528 1010 607 argumentatione
1033 527 1207 592 verisimile
1231 527 1322 608 quid-

149 651 244 715 quam
269 634 339 697 erui
362 653 467 716 posse.
516 635 628 717 Neque
653 636 737 702 enim
762 635 889 718 quondo
906 634 1055 699 carmina
1072 633 1200 716 singula
1222 635 1321 715 scrip-

149 740 230 805 serit
258 759 316 806 nec
332 760 394 823 quo
411 746 558 822 tempore
574 747 720 808 mortuus
737 742 781 807 sit
797 740 963 821 onustati.
1004 740 1072 818 Quo
1088 740 1191 821 magis
1209 758 1321 807 coven-

149 846 225 911 dum
249 853 363 913 estne
386 847 463 929 quid
487 849 567 913 certi
591 885 634 894 —
657 854 694 915 ut
715 849 839 915 Birtius
863 883 905 895 -
930 865 968 912 ex
983 846 1079 912 rebus
1095 847 1321 913 incertissimis

150 953 301 1036 colligere
326 973 485 1021 conemur.
518 956 657 1022 Maxime
681 962 789 1023 autem
813 974 942 1021 monere
967 956 1060 1019 decet
1084 955 1168 1037 quod
1198 955 1321 1019 Bittius

150 1053 281 1126 certum
296 1061 395 1126 habet
418 1063 565 1128 volumen
583 1064 767 1144 secundum,
792 1064 825 1128 in
849 1081 912 1145 quo
936 1062 1111 1144 inscriptae
1129 1066 1222 1127 erant
1243 1061 1320 1127 libri

150 1168 281 1234 secundi
305 1170 412 1252 (quem
441 1189 511 1236 nos
534 1169 696 1251 vocamus)
732 1171 856 1253 elegiae
890 1188 956 1250 serr,
988 1188 1026 1234 ex
1062 1173 1156 1251 parte
1184 1187 1319 1233 vacuum

148 1274 248 1339 fuisse
272 1276 319 1340 ita
348 1281 384 1340 ut
406 1295 540 1342 vacuum
566 1276 650 1343 Sosii
679 1277 751 1342 aliis
781 1277 975 1343 carminibus
1011 1280 1145 1358 possent
1181 1276 1320 1357 explere,

149 1381 182 1446 ld
206 1385 328 1446 certum
351 1401 415 1447 non
440 1401 520 1448 esse.
568 1384 695 1449 Etenim
719 1384 747 1450 si
771 1389 859 1449 recte
890 1380 1087 1463 dubitatur²l
1117 1402 1192 1448 num
1220 1383 1322 1465 scrip·

149 1494 236 1554 tores
259 1488 377 1554 librum
402 1491 520 1556 edituri
550 1491 698 1557 volumen
728 1510 861 1556 vacuum
892 1495 1000 1555 certae
1028 1508 1156 1571 semper
1182 1490 1323 1571 longitu-

149 1595 233 1660 dinis
256 1596 288 1660 in
312 1596 459 1663 manibus
482 1597 665 1678 habuerint,
689 1599 779 1663 cuius
803 1599 832 1663 si
854 1596 936 1662 liber
959 1602 1062 1662 totum
1088 1598 1234 1664 volumen
1258 1617 1321 1662 non

149 1702 300 1784 explebat
328 1708 452 1785 partem
489 1705 628 1787 aliquam
662 1723 795 1771 vacuam
827 1722 898 1769 esse
926 1708 1125 1785 paterentur,
1152 1709 1185 1769 et
1213 1704 1322 1770 verisi-

149 1809 224 1874 mile
246 1815 295 1874 est
312 1828 376 1890 eos,
395 1817 556 1893 utcunque
573 1831 625 1877 res
640 1831 735 1894 quam
751 1815 973 1885 tractaverant
987 1810 1167 1892 flagitabat,
1196 1810 1322 1876 charta-

148 1936 219 1980 rum
242 1921 354 1998 partes
377 1919 446 1982 sive
471 1919 723 2000 agglutinavisse
747 1919 814 1984 sive
832 1919 1025 2000 desecuisse,
1048 1923 1139 1999 patet
1160 1917 1321 1982 Tibullum

148 2042 219 2088 cum
243 2023 360 2089 librum
384 2026 559 2090 secundum
582 2027 653 2107 ipse
677 2026 788 2090 ederet
812 2026 886 2108 (hoc
909 2025 1052 2107 neglexit
1067 2024 1201 2106 Birtius)
1227 2025 1319 2089 dimi-

149 2129 236 2194 dium
259 2129 326 2194 fere
354 2131 525 2196 voluminis
556 2151 690 2197 vacuum
721 2152 784 2198 non
812 2133 997 2214 reliquisse,
1030 2132 1085 2198 sed
1113 2131 1321 2198 verisimilius

149 2240 200 2300 est
221 2235 304 2302 hunc
327 2237 444 2303 librum
470 2239 713 2305 —breviorem
738 2240 887 2305 videlicet
910 2240 1024 2320 primo,
1049 2238 1107 2304 sed
1130 2257 1225 2320 quam
1249 2256 1322 2319 per·

148 2342 357 2409 festissimum
381 2345 485 2426 ipsum
512 2383 549 2391 -
576 2347 725 2412 volumen
748 2348 845 2429 plane
870 2346 1058 2428 explevisse.
1107 2345 1238 2410 Librum
1262 2344 1322 2426 igi·

147 2453 202 2513 tur
225 2451 399 2515 secundum
422 2471 486 2517 non
514 2452 614 2517 multo
650 2458 726 2535 post
754 2453 872 2519 Tibulli
901 2457 1035 2518 mortem
1067 2470 1137 2517 cum
1167 2451 1321 2535 Lygdami

148 2557 261 2637 elegiis
290 2575 328 2621 ea
356 2575 418 2638 qua
441 2559 510 2622 vult
534 2559 658 2624 Birtius
693 2562 820 2626 ratione
853 2578 1006 2625 conexum
1042 2577 1113 2624 esse
1142 2559 1229 2622 credi
1255 2576 1320 2622 non

147 2668 267 2743 potest.
314 2665 421 2745 Atque
444 2682 483 2728 ex
507 2666 554 2730 eis
578 2666 632 2748 qui
656 2667 719 2748 ipsi
742 2666 826 2732 hunc
854 2667 973 2731 librum
1002 2684 1021 2729 a
1045 2665 1171 2730 Tibullo
1200 2663 1321 2745 publici

147 2770 227 2834 iuris
244 2768 363 2834 factum
381 2788 452 2836 esse
473 2779 602 2855 negant,
628 2793 691 2838 non
712 2779 800 2841 recte
817 2774 945 2856 quidem
968 2777 1006 2837 ut
1020 2771 1320 2852 demonstravimus,

148 2875 292 2942 Hillerus
327 2878 376 2943 vir
404 2878 443 2943 de
470 2878 532 2944 hoc
559 2886 657 2962 poeta
690 2882 811 2962 optime
839 2881 974 2945 meritus
1008 2885 1118 2945 tamen
1147 2879 1320 2944 editionem

149 2983 260 3064 prius
289 2981 406 3049 iactam
436 2997 508 3050 esse
540 3005 636 3068 quam
660 2984 816 3070 Lygdami
846 2988 1021 3052 carminum
1051 2987 1096 3069 (et
1123 2984 1320 3067 reliquorum
1365 3038 1367 3042 ,

148 3109 230 3171 quae
254 3092 443 3174 sequuntur)
467 3097 556 3157 reete
579 3093 752 3173 intellexit;
784 3095 839 3176 qui
872 3094 1036 3174 vituperat
1065 3093 1096 3176 (l.
1114 3093 1148 3175 l.)
1183 3093 1320 3157 Birtium

148 3197 234 3278 quod
257 3203 427 3280 utrumque
451 3197 635 3282 confudit⁸).

237 3305 332 3388 Birtii
364 3310 471 3371 autern
501 3307 695 3372 sententiam
724 3312 760 3371 ut
788 3307 884 3388 plane
916 3307 1092 3373 refutemus
1116 3324 1246 3372 necesse
1270 3312 1321 3372 est

148 3411 344 3477 deducamur
367 3433 405 3478 eo
429 3418 466 3478 ut
489 3432 690 3496 quaeramus,
716 3413 800 3495 quod
816 3431 875 3494 per
891 3432 925 3478 se
943 3413 1147 3479 utilissimum
1172 3418 1230 3494 est,
1256 3433 1319 3497 quo

219 3730 241 3800 ¹)
258 3729 297 3784 Ut
320 3731 444 3785 omittam
468 3731 541 3801 quod
572 3732 721 3785 extiterunt
745 3731 792 3800 qui
811 3730 979 3800 Lygdamum
1008 3730 1135 3784 eundem
1150 3747 1209 3784 esse
1237 3736 1319 3802 atque

147 3817 275 3872 Ovidium
295 3851 328 3860 —
348 3821 506 3874 conicerent
524 3824 635 3888 temere,
655 3836 709 3873 non
728 3819 952 3874 demonstrarent.

218 3906 241 3976 2)
261 3926 282 3962 c.
297 3909 432 3964 Manli.
446 3927 471 3978 p.
486 3910 549 3965 886.

219 3995 241 4065 ³)
260 3997 293 4050 In
317 3998 431 4051 eundem
456 3988 574 4052 errorem
598 3999 746 4053 Dissenum
771 3997 1071 4052 aonemundus
1097 4014 1179 4067 supra
1202 3999 1318 4052 vidimus

147 4087 184 4154 (p.
199 4089 246 4155 45)
263 4088 402 4155 incidisse,
422 4093 517 4157 captos
541 4105 638 4156 nempe
662 4087 831 4141 Lachmanni
853 4088 902 4141 illa
926 4088 1064 4141 sententia
1086 4089 1131 4156 (cf.
1146 4105 1166 4140 ε.
1181 4106 1206 4157 p.
1218 4091 1261 4155 43,
1273 4105 1318 4141 nn.

148 4178 164 4230 3
185 4179 212 4229 et
231 4177 267 4244 4),
287 4194 367 4245 quam
387 4181 548 4231 tamennon
567 4178 648 4248 plane
667 4177 879 4246 perspiciebant.
