2940 4890
1276 241 1315 302 17

147 420 287 485 carmina
321 420 430 501 lepido
459 418 546 501 cyclo
576 416 807 497 comprehensa
836 435 980 481 seersum
1013 416 1152 481 edidisse
1183 422 1216 481 et
1247 435 1317 482 cum

145 527 262 592 librum
297 527 313 590 Ι
349 527 459 592 ederet
494 527 610 589 iterum
643 523 759 588 ceteris
795 524 929 588 adiectis
968 525 1001 588 in
1032 523 1136 589 lucem
1172 524 1318 588 emisisse

146 635 297 717 (namque
335 634 415 699 baec
446 632 562 715 ratim)
594 650 614 695 a
644 635 788 697 veterum
822 649 911 695 more
946 632 1042 712 plane
1075 630 1254 714 abhorret),
1290 631 1318 693 si

146 742 335 823 respicimus
365 760 419 806 eas
449 759 532 822 quae
561 741 607 804 ita
637 740 851 804 adnectuntur
880 739 1000 820 elegias
1028 759 1069 805 ue
1093 739 1318 820 obtemperare

147 850 275 931 quidem
299 848 373 913 huic
396 848 501 913 ordini
523 865 560 912 ec
582 847 711 929 gravius
728 844 927 912 offendimur.
968 847 1073 928 Atque
1107 845 1203 923 aliud,
1233 844 1320 926 qued

147 975 304 1022 summum
343 960 401 1036 est,
443 955 575 1020 accedit.
646 954 863 1019 Baehrensius
903 954 997 1033 enim,
1031 959 1079 1017 ui
1117 953 1182 1032 alii,
1223 951 1318 1032 plane

146 1060 1321 1144 mmmmwmwfflfflmmmmmmmm

141 1172 288 1256 principe
322 1181 411 1243 33333
447 1180 513 1232 erat
547 1168 742 1248 pervenerit.
804 1168 906 1234 Poeta
940 1172 1048 1233 autem
1082 1166 1229 1233 versibus
1265 1165 1320 1247 qui

147 1277 344 1342 antecedunt
358 1276 445 1360 (447
463 1277 548 1357 sqq)
573 1280 747 1356 praecepta
770 1273 882 1341 furtivi
906 1275 1024 1340 ameris
1049 1293 1068 1339 a
1090 1274 1217 1338 Tibullo
1242 1274 1320 1338 data

147 1385 188 1448 ad
211 1385 346 1449 verbum
370 1383 437 1448 iere
460 1383 595 1464 repetiit
618 1383 731 1464 iisque·
746 1401 810 1447 neu
833 1383 880 1446 ita
897 1383 1017 1465 elegias
1042 1401 1097 1448 eas
1122 1399 1202 1464 quas
1227 1379 1321 1445 affert

147 1490 396 1556 Baehrensiusl
418 1489 451 1553 Η
473 1489 523 1554 ΙΙΙ
539 1487 748 1573 (quamquam
772 1490 805 1554 in
828 1490 861 1554 II
884 1509 987 1572 pauca
1002 1490 1185 1555 huiusmodi
1208 1489 1320 1570 legun·

147 1596 1319 1680 mwmwmmfflmmmmmmmmwwQO

148 1705 266 1770 Tibulli
290 1704 364 1769 libri
388 1705 485 1785 primi
508 1705 553 1770 VI
577 1705 710 1789 (paucos
726 1706 769 1783 V)
794 1705 928 1769 carmini
952 1724 1009 1770 sue
1034 1705 1171 1771 inseruit
1194 1704 1269 1769 hes:

332 1899 522 1964 Tibullus:
952 1900 1126 1966 Ovidius:

239 2061 333 2140 VLl.
346 2062 380 2125 8:
851 2063 914 2124 447
934 2062 969 2125 8:

148 2170 205 2233 illa
238 2170 361 2255 quidem
388 2180 452 2231 tam
480 2168 577 2230 multa
605 2179 703 2252 mayel,
761 2170 882 2234 credere
920 2057 1039 2233 {eremi
1080 2170 1194 2231 durum
1227 2181 1320 2254 putat

347 2277 400 2339 scd
413 2276 535 2339 credere
551 2277 707 2337 durumsi:
988 2299 1050 2341 3333
1078 2276 1216 2340 Tibullus

193 2403 237 2464 sic
271 2402 363 2465 etiam
399 2402 436 2464 da
470 2424 518 2465 mc
555 2412 707 2485 persequi
805 2403 850 2464 sic
876 2403 968 2466 etiam
995 2402 1032 2465 dc
1064 2425 1094 2466 33
1125 2403 1207 2488 quod
1235 2415 1320 2486 333933

347 2530 442 2592 usque
466 2508 542 2570 viro.
988 2509 1046 2573 illc
1068 2510 1152 2574 viro:

240 2637 269 2696 9.
287 2633 343 2697 10:
852 2637 915 2698 449
935 2636 991 2699 5οε

148 2741 223 2825 ipse,
260 2741 362 2813 miser,
394 2739 485 2802 docui
518 2761 579 2823 quo
602 2749 708 2823 pessel
754 2743 870 2827 fallere
898 2631 1052 2806 abscedam
1080 2742 1203 2805 demum
1227 2710 1320 2805 docar-

347 2846 451 2910 ludere
469 2858 564 2931 pacto
988 2850 1048 2912 isse
1063 2850 1194 2934 fatetur,

195 2972 355 3035 custodes:
371 2971 428 3036 13333
451 2971 508 3035 beu
532 2993 613 3034 333333
632 2992 708 3056 prc-
807 2997 896 3060 acqua
919 2996 976 3036 sua
1000 2955 1146 3037 miserum
1174 2996 1256 3037 murm
1278 2974 1321 3036 m't

348 3100 417 3140 mor
440 3089 505 3141 ame
528 3100 606 3140 mea.
924 3070 927 3075 ’
991 3093 1056 3146 ame
1077 3082 1196 3168 premi:

148 3309 708 3396 3333333433933333333333339333-
763 3333 862 3395 saepe,
894 3311 973 3374 velut
998 3335 1154 3396 yemmam
1178 3313 1322 3375 dominae

344 3440 401 3503 que
419 3417 599 3502 probarem,
840 3422 841 3426 ’
990 3420 1147 3503 siccumve
1162 3421 1321 3504 probaret,

189 3565 399 3629 percensum
421 3543 549 3606 memini
572 3565 619 3606 me
642 3544 709 3607 reri·
802 3567 864 3630 per
888 3568 1014 3608 causam
1038 3546 1176 3608 meminit
1203 3569 1233 3609 33
1256 3547 1322 3609 teti-

345 3649 425 3733 93333
441 3673 586 3713 mamam:
987 3653 1068 3737 93333
1091 3676 1237 3715 macarem:

148 3865 360 3875 ...---—-—-

220 4004 244 4072 1)
261 4005 363 4059 Vereor
381 4020 415 4057 ne
439 4003 527 4057 simile
552 4003 617 4072 quid
640 4020 695 4057 non
717 4005 853 4067 inveniam
878 4005 978 4058 etenim
1002 4004 1074 4074 quod
1098 4003 1200 4059 Catulli
1222 4004 1322 4059 librum

149 4095 196 4164 qui
217 4110 285 4147 unus
305 4096 346 4146 esd
364 4093 454 4146 critici
474 4092 522 4145 alii
541 4092 622 4147 aliter
636 4092 825 4147 dissecandum
838 4096 1002 4148 curaverunt
1014 4094 1047 4146 de
1060 4095 1137 4147 recia
1149 4094 1194 4147 via
1211 4110 1322 4163 prorsus

149 4184 316 4238 aberraverc.

1147 4285 1162 4336 2
