2940 4890
218 239 259 301 32

215 415 360 480 ultimam
386 413 438 498 (de
462 433 526 496 qua
548 434 584 480 re
608 413 645 480 cl.
667 415 688 480 i.
713 435 744 497 p.
763 417 805 479 42
818 415 901 498 sqq.)
927 415 1071 481 Tibullus
1100 411 1283 482 adamasset
1307 434 1392 481 com-

216 539 400 587 memorare.
427 521 593 587 voluisset.
652 523 758 588 Tenor
791 527 899 587 autem
929 523 1085 589 orationis
1116 524 1212 588 docet
1241 522 1391 588 Ovidium

216 649 280 694 non
303 629 337 693 id
361 630 558 709 spectavisse
583 648 663 711 quas
686 629 743 695 ille
768 630 929 695 cecinerat
945 631 1071 711 puellas
1088 636 1125 694 ut
1141 630 1391 695 communicaret

217 755 287 802 cum
310 736 487 800 lectoribus
511 772 551 782 -
576 737 638 801 hoc
662 741 749 801 certe
773 736 861 816 ipsos
884 736 972 801 baud
995 737 1195 818 ignoravisse
1218 736 1391 818 apparebit

216 880 259 888 —-
294 842 352 908 sed
385 847 477 923 patet
506 861 579 907 eum
614 843 764 924 gaudere,
797 845 883 925 quod
924 849 1035 909 contra
1064 845 1179 909 Mortis
1209 845 1390 910 terribilem

216 949 355 1030 speciem
379 948 560 1030 praedicari
585 954 618 1014 et
640 950 674 1015 in
697 951 884 1015 memoriam
907 950 1084 1033 legentium
1112 952 1257 1016 revocari
1286 951 1389 1032 possit
1458 991 1463 1000 ·

216 1061 415 1139 quantopere
431 1055 499 1121 fata
514 1057 855 1138 poetis-consulerent:
876 1043 1016 1139 quorum
1032 1060 1060 1124 si
1077 1077 1213 1140 corpora
1228 1059 1390 1138 perissent

215 1184 313 1246 opera
336 1170 443 1229 tamen
460 1183 575 1229 nomen
590 1165 991 1247 redderersempiternum
1017 1171 1050 1231 et
1070 1167 1158 1231 velut
1175 1167 1308 1232 Homeri
1324 1167 1388 1231 duo

216 1271 358 1336 carmina
385 1271 486 1334 heroa
515 1271 710 1336 immortalia
738 1271 824 1337 facta
855 1278 964 1338 essent
991 1273 1038 1337 ita
1069 1272 1188 1338 Tibulli
1219 1271 1388 1352 „Deliam“

215 1383 249 1443 et
273 1377 479 1458 „Nemesim“
508 1379 628 1459 quippe
656 1398 791 1460 quarum
820 1398 946 1444 amores
970 1380 1089 1445 litteris
1113 1380 1256 1444 mandati
1281 1383 1390 1445 essent

213 1486 344 1566 longum
373 1503 487 1549 nomen
516 1484 684 1551 habituras
713 1503 794 1550 esse.
847 1486 954 1568 Atque
984 1485 1063 1551 baec
1091 1485 1189 1551 verba
1218 1485 1312 1550 aliter
1336 1505 1390 1549 ex·

214 1592 328 1673 plicari
363 1610 425 1656 non
454 1609 550 1672 posse
580 1593 810 1674 progrediente
838 1594 1028 1674 quaestione
1056 1593 1249 1675 pracsertim
1276 1593 1305 1658 si
1334 1609 1389 1656 eos

214 1701 269 1782 qui
285 1701 318 1765 in
335 1699 530 1763 contrariam
546 1703 673 1780 partem
686 1700 908 1765 disseruerunt
920 1701 1147 1784 disseruntque
1164 1701 1388 1781 audiverimus

214 1807 317 1889 magis
341 1806 508 1888 magisque
532 1806 668 1886 patebit.

304 1913 367 1979 Sed
390 1912 533 1977 Hillerus
557 1913 606 1978 vir
630 1913 834 1978 doctissimus
859 1914 913 1996 qui
938 1920 1037 1997 negat
1064 1915 1182 1979 librum
1212 1915 1388 1980 secundum

213 2040 232 2085 a
249 2020 374 2086 Tibullo
393 2020 514 2084 editum
531 2037 601 2085 esse
618 2018 671 2103 (cf.
689 2021 710 2085 i.
727 2040 758 2101 p.
774 2021 825 2101 63,
840 2040 871 2102 p.
890 2024 929 2084 71
945 2022 1007 2104 sq.)
1025 2022 1161 2087 adnotat
1176 2022 1255 2087 haec
1272 2021 1387 2103 (praef.

215 2130 263 2194 ed.
289 2148 321 2209 p.
337 2126 444 2210 Xlllt:
470 2125 637 2208 „Ovidium
660 2151 730 2190 cum
756 2128 884 2212 elegiam
907 2130 941 2192 io
966 2131 1082 2193 obitum
1109 2131 1139 2191 T
1135 2129 1224 2192 ebulle'
1246 2130 1389 2193 scriberet
1432 2133 1444 2146 ‘

214 2235 389 2298 carminum
417 2235 460 2296 od
482 2233 642 2298 Nemesim
667 2234 892 2319 pertiuentiune
919 2237 1061 2300 babuisse
1087 2238 1230 2300 notitiam
1260 2258 1323 2299 noo
1346 2248 1389 2299 est

106 2364 110 2370 ·
215 2343 297 2428 quod
319 2342 502 2407 miremur.“
542 2341 633 2419 Quod
657 2342 805 2423 equidem
828 2342 1024 2407 reiciendum
1043 2361 1114 2408 esse
1132 2362 1245 2409 censeo
1263 2343 1388 2408 duabus

215 2450 254 2514 de
271 2449 386 2514 causis.
427 2448 509 2512 Nam
525 2449 664 2529 primum
681 2450 809 2531 quidem
827 2450 977 2515 Ovidium
993 2451 1170 2516 carminum
1186 2450 1387 2532 quorundam

215 2555 333 2621 Tibulli
357 2556 498 2621 nondum
522 2555 682 2620 editorum
698 2556 846 2621 notitiam
861 2556 982 2622 habere
998 2576 1062 2624 non
1078 2559 1222 2639 potuisse
1237 2561 1274 2621 ut
1291 2575 1390 2638 supra

214 2663 258 2745 (p.
285 2664 342 2747 20)
367 2663 657 2728 demonstravimus
682 2668 794 2728 contra
818 2663 1015 2729 Schultzium
1039 2665 1087 2729 ita
1111 2665 1142 2729 h.
1166 2665 1188 2729 l.
1213 2665 1318 2729 denuo
1342 2662 1389 2728 ai·

213 2769 386 2836 firmamus.
435 2770 515 2835 Tum
542 2775 665 2850 autem,
694 2775 731 2835 ut
765 2771 916 2836 notitiam
950 2771 1088 2837 baberet
1119 2789 1201 2836 unus
1225 2789 1243 2836 e
1266 2770 1387 2851 multis,

213 2897 289 2942 num
314 2876 481 2959 epicedion
505 2877 599 2942 huius
624 2878 752 2960 generis
777 2896 967 2960 componere
990 2880 1099 2960 potuit
1122 2880 1156 2944 in
1178 2897 1272 2944 usum
1288 2878 1389 2942 lecto-

212 3005 284 3050 rum
309 3004 419 3050 eorum
447 2984 502 3066 qui
529 2984 563 3049 in
591 2985 729 3073 maxima
752 2985 867 3049 harum
891 2986 1066 3067 elegiarum
1091 2986 1295 3068 ignoratione
1317 3002 1389 3050 ver-

213 3092 389 3157 sabantur?
442 3091 553 3174 Neque
579 3110 656 3158 vero
690 3093 826 3174 cogitari
853 3093 932 3158 licet
961 3094 1002 3158 de
1029 3094 1165 3176 singulis
1193 3092 1388 3157 carminibus
1456 3080 1460 3089 ’

212 3200 354 3265 nondum
390 3199 500 3277 editis;
543 3217 680 3282 namque
719 3201 806 3282 quod
841 3219 912 3265 cum
948 3199 1071 3265 duobus
1107 3199 1288 3265 Homericis
1324 3198 1387 3263 duo

214 3306 397 3371 Tibulliana
428 3313 655 3387 comparantur
689 3308 782 3373 docet
815 3308 856 3372 ad
885 3325 985 3388 opera
1013 3306 1158 3372 confecta
1187 3312 1285 3389 atque
1313 3323 1389 3370 con·

213 3413 302 3479 clusa
326 3413 473 3478 Ovidium
502 3415 710 3493 spectavisse.
758 3413 817 3492 Qui
840 3413 992 3480 videlicet
1019 3413 1101 3479 nihil
1125 3413 1198 3478 novi
1223 3410 1317 3477 affert
1341 3410 1387 3477 eis

213 3521 268 3601 qui
290 3539 355 3584 una
376 3538 446 3584 cum
463 3520 533 3601 ipso
551 3521 759 3586 vehementer
775 3521 898 3586 obitum
914 3520 1085 3587 tersissimi
1100 3524 1218 3603 poetae
1234 3518 1388 3583 dolebant

213 3645 284 3692 cum
307 3633 438 3693 moneat
461 3628 588 3692 Deliam
613 3633 646 3693 et
670 3628 833 3694 Nemesim
857 3628 1052 3693 carminibus
1075 3627 1188 3693 abillo
1206 3627 1387 3692 celebratas

213 3752 284 3801 esse
313 3741 346 3798 et
372 3735 504 3817 longum
538 3753 652 3800 nomen
684 3735 867 3811 habituras,
902 3738 960 3802 sed
987 3753 1070 3817 quac
1098 3734 1146 3799 illi
1174 3734 1321 3799 sciebant
1348 3750 1387 3797 ea

211 3839 365 3906 facultate
395 3843 471 3906 data
498 3841 611 3906 laudat
639 3846 677 3907 ut
703 3850 859 3924 quantum
887 3843 1023 3925 quisque
1050 3842 1110 3907 hoc
1138 3846 1236 3922 poeta
1258 3845 1386 3905 mortuo

212 3948 358 4013 amiserit
385 3967 422 4013 eo
452 3949 581 4030 gravius
610 3948 643 4013 in
672 3952 859 4016 memoriam
887 3956 1026 4016 revocet.
1073 3948 1155 4012 Nam
1180 3965 1307 4012 carmen
1337 3951 1386 4013 est

213 4055 389 4135 epicedion,
407 4055 440 4118 in
457 4055 516 4119 tali
533 4061 651 4135 autem,
669 4057 754 4138 quod
771 4058 899 4138 quidem
917 4060 1042 4138 spectet
1058 4055 1214 4121 advirum
1227 4055 1385 4120 illustrem

212 4167 246 4227 et
268 4168 336 4228 tum
361 4167 394 4227 et
416 4164 512 4229 hodie
536 4164 643 4229 luctus
668 4165 823 4247 dolorque
847 4164 932 4247 quod
956 4164 1004 4229 vir
1027 4169 1173 4229 mortuus
1203 4164 1246 4228 sit
1274 4167 1307 4227 et
1330 4164 1384 4226 ad·
