2940 4890
192 234 236 296 44

193 410 296 477 officio
312 409 438 475 firmatas
456 412 516 494 (vv.
534 412 613 474 47-
625 411 679 490 58)
696 409 815 475 Tibulli
827 429 939 476 versus
954 411 1028 493 plus
1051 411 1195 476 minusve
1220 414 1361 496 exscrip-

88 594 91 599 ,
193 520 283 598 sisse,
300 518 492 583 monendum
509 523 558 583 est
582 517 785 583 condiciones
810 523 903 600 aptas
928 536 1011 600 quae
1034 519 1096 583 huc
1119 519 1359 586 transferantur

190 628 222 690 in
247 625 329 689 libro
354 625 492 691 secundo
510 623 690 689 Tibulliauo
713 625 819 691 nullas
835 623 903 690 fere
920 629 1030 690 extare
1050 662 1084 668 —-
1106 625 1168 690 nisi
1186 627 1362 708 quisdicat

190 732 265 797 libri
292 732 424 797 secundi
453 732 574 812 elegias
603 731 758 812 quasdam
794 732 996 797 intercidisse
1031 731 1080 813 (ci.
1098 753 1130 814 p.
1149 733 1212 813 74).
1271 734 1362 811 Quod

190 857 260 903 cum
289 839 403 920 negari
430 856 494 903 non
522 837 626 920 possit
655 839 802 904 existimo
832 837 1019 904 Teuffelium
1049 838 1080 920 (l.
1098 838 1118 902 l.
1136 859 1167 920 p.
1186 841 1265 920 470)
1290 840 1362 905 libi-

189 945 297 1011 dinem
320 944 520 1010 coniectandi
543 945 616 1026 plus
633 963 735 1026 aequo
752 945 852 1027 sequi,
878 963 948 1010 cum
972 945 1133 1010 disserens
1157 945 1197 1009 de
1213 947 1361 1013 versibus

190 1072 270 1135 quos
283 1052 416 1117 Ovidius
429 1070 468 1116 ex
481 1050 606 1116 Tibullo
624 1053 848 1134 exscripsisset
866 1052 998 1117 adiciat:
1019 1053 1215 1134 „nascendam
1233 1055 1361 1137 (nempe

189 1159 314 1224 librum
334 1159 484 1241 primum)
514 1159 591 1222 moab
617 1159 660 1220 im
690 1159 890 1243 allqemea'aea
920 1161 969 1223 die
992 1159 1123 1243 Eleqien
1153 1161 1206 1224 dee
1233 1162 1360 1226 amedera

189 1267 343 1333 Bucbec“.
390 1266 460 1331 Hoc
483 1271 592 1331 autem
607 1265 694 1330 nullo
718 1265 811 1330 modo
835 1265 1049 1331 demonstrari
1072 1270 1181 1346 potest
1205 1303 1246 1312 -
1272 1269 1360 1349 equi-

190 1374 261 1439 dem
293 1371 415 1438 irustra
445 1378 578 1437 conatus
607 1391 677 1438 sum
705 1377 742 1436 ut
769 1373 946 1438 invenirem
975 1373 1008 1436 in
1038 1372 1183 1453 epicedio
1213 1375 1297 1455 quod
1321 1395 1360 1440 ex

190 1479 309 1545 Tibulli
338 1479 414 1544 libri
442 1479 574 1544 secundi
604 1479 715 1561 elegiis
742 1479 893 1544 haustum
922 1498 993 1545 esse
1016 1479 1125 1561 aliqua
1149 1498 1219 1544 cum
1243 1481 1360 1563 proba-

187 1586 315 1651 bilitate
331 1590 464 1668 putetur
473 1583 497 1670 ¹)
529 1624 562 1631 —
589 1587 716 1668 iamque
732 1586 847 1652 melius
870 1585 932 1651 fuit
955 1586 1082 1651 omnino
1105 1606 1169 1651 non
1194 1589 1357 1669 conicere;

188 1713 263 1758 nam
292 1694 372 1758 talia
395 1694 428 1757 in
457 1694 642 1759 universum
667 1695 753 1760 dicta
776 1698 902 1759 tantum
926 1694 1019 1760 abest
1041 1698 1079 1757 ut
1102 1693 1225 1775 aliquid
1248 1696 1360 1761 iuvent

187 1805 224 1864 ut
240 1800 391 1865 damnum
406 1801 503 1865 etiam
528 1799 668 1867 inferant
692 1820 803 1882 eaque,
829 1820 911 1883 quae
926 1819 1024 1882 super
1047 1801 1174 1866 modum
1198 1801 1263 1866 iam
1286 1821 1360 1884 per·

188 1907 319 1973 turbata
342 1912 427 1989 sunt,
452 1908 555 1988 magis
578 1908 745 1989 magisque
768 1908 993 1990 permisceant.

278 2014 341 2080 Sed
368 2015 495 2079 omnino
526 2051 566 2061 -
595 2014 656 2079 boo
685 2033 842 2080 summum
867 2019 981 2079 est-
1007 2014 1070 2078 iam
1099 2018 1266 2082 teneamus
1291 2036 1359 2082 cer-

186 2127 295 2187 tamen
323 2121 403 2186 illud
430 2121 526 2203 plane
554 2120 664 2186 fictum
693 2140 778 2201 esse3
810 2122 928 2186 etenim
952 2122 985 2184 in
1008 2121 1069 2186 hac
1092 2139 1128 2185 re
1152 2121 1358 2189 diiudicanda

187 2234 309 2310 quanta
337 2229 443 2294 cautio
471 2247 602 2294 necesse
632 2229 675 2293 sit
703 2227 897 2293 adhibeatur
924 2229 1019 2292 testis
1048 2233 1138 2292 extat
1161 2247 1180 2292 a
1204 2248 1267 2310 quo
1291 2249 1359 2295 mo·

187 2355 321 2401 neamur
336 2336 503 2417 Dissenm,
528 2336 576 2399 vir
601 2336 640 2401 de
658 2335 776 2400 Tibulli
801 2335 975 2399 carminum
999 2336 1213 2416 explicatione
1236 2337 1358 2418 optime

189 2442 333 2515 meritus,
364 2443 419 2524 qui
448 2447 557 2506 tamen
585 2461 649 2507 non
680 2461 754 2507 raro
782 2442 816 2506 in
846 2442 945 2506 miros
975 2459 1101 2508 errores
1125 2443 1248 2508 incidit.
1296 2445 1357 2523 Qui

113 2546 117 2551 ’
187 2549 272 2630 quod
287 2549 320 2613 in
337 2548 397 2614 hac
420 2569 547 2632 quoque
570 2568 606 2614 re
631 2549 670 2614 de
694 2554 784 2614 recta
808 2549 860 2614 via
883 2549 979 2630 plane
1004 2549 1168 2614 aberravit
1192 2570 1229 2615 eo
1253 2552 1357 2634 magis

187 2655 287 2735 doleo,
324 2656 573 2738 quodomnium
603 2657 767 2721 doctorum
795 2657 936 2720 virorum
965 2657 1019 2737 qui
1050 2658 1090 2721 de
1120 2656 1196 2720 libri
1224 2658 1357 2723 secundi

187 2762 326 2829 editione
355 2763 476 2846 aliquid
508 2762 627 2828 litteris
655 2762 889 2827 mandaverunt
916 2763 1039 2844 primus
1068 2762 1101 2827 id
1129 2767 1217 2828 recte
1242 2765 1354 2846 sensit,

186 2887 297 2934 versus
314 2869 420 2936 Ovidii
445 2872 508 2953 (31.
524 2871 577 2954 32)
602 2871 643 2936 ad
667 2870 773 2936 edita
796 2888 895 2951 opera
919 2870 1083 2952 pertinere
1109 2869 1355 2954 (1.l.p.xxl1);

186 3014 394 3022 ——-——.—.

256 3097 279 3167 ¹)
296 3099 420 3170 Namque
440 3101 558 3169 epicedii
576 3116 670 3154 versus
692 3103 732 3154 17.
750 3101 793 3154 18:

454 3200 481 3241 al
499 3191 569 3240 sacri
585 3201 653 3241 vates
671 3201 693 3240 et
712 3190 794 3240 divum
813 3208 873 3240 curu
892 3207 1018 3240 voraretur:

489 3289 544 3330 sumi
563 3280 636 3330 etiam
656 3281 701 3345 qui
718 3298 761 3330 nos
780 3298 864 3330 numen
883 3281 971 3329 babere
987 3288 1079 3343 puderet,

183 3364 298 3418 Ovidius
318 3383 377 3420 cum
397 3367 529 3421 scriberet
546 3384 611 3420 num
629 3368 788 3422 recordatus
808 3368 844 3420 sit
862 3366 921 3421 Tib.
937 3365 976 3432 Π,
990 3368 1015 3431 5,
1033 3368 1082 3422 113
1097 3382 1151 3434 sq:

468 3468 496 3508 ct
514 3469 539 3508 lu
558 3461 623 3524 (num
643 3458 724 3508 divum
742 3466 825 3506 servat
843 3456 918 3505 tutela
933 3457 1031 3523 poetas)

499 3564 654 3612 praemoneo,
674 3546 727 3596 vati
740 3561 826 3610 parce,
842 3543 934 3608 puella,
953 3562 1033 3607 sacro,

184 3649 347 3703 quamquam
371 3634 523 3687 sententiae
548 3633 701 3686 simillimae
726 3634 789 3684 sunt
816 3647 870 3684 non
898 3631 964 3684 satis
995 3634 1098 3686 certum
1124 3633 1223 3704 habeo;
1252 3635 1354 3688 etenim

183 3723 247 3778 talis
271 3722 408 3776 sententia
426 3725 482 3775 diui
500 3735 588 3790 poetas
615 3734 709 3775 tuentur
731 3722 798 3777 adeo
818 3727 931 3790 accepta
951 3723 992 3774 est
1016 3721 1203 3791 scriptoribus,
1228 3725 1260 3776 ut
1278 3724 1355 3777 credi

182 3828 238 3865 non
260 3812 348 3881 possit
366 3811 494 3865 Ovidium
518 3827 550 3864 ex
568 3811 676 3865 Tibullo
699 3811 726 3866 h.
740 3811 758 3864 l.
773 3809 905 3865 hausisse.
952 3809 1068 3862 Omnino
1092 3810 1121 3863 in
1144 3811 1244 3865 talibus
1271 3815 1354 3882 (quac

182 3901 351 3954 imitationes
377 3932 409 3938 -
433 3900 596 3969 praesertim
623 3899 714 3953 Ovidii
734 3930 767 3940 -
787 3915 842 3951 non
870 3900 945 3952 recte
974 3899 1066 3952 vocari
1090 3899 1191 3969 solent)
1218 3899 1353 3969 analogiis

183 3988 381 4056 investigandis
400 3988 531 4041 audacius
551 3987 640 4040 critici
659 3988 761 4041 versari
786 3988 925 4051 videntur3
947 3985 981 4040 cl.
996 3988 1015 4043 i.
1032 4004 1058 4056 p.
1073 3991 1116 4056 50,
1131 4005 1157 4044 n.
1169 3991 1193 4043 2.
1238 3989 1354 4044 Praeter

183 4077 254 4131 hanc
274 4081 364 4131 autem
383 4077 544 4144 sententiae,
565 4092 633 4144 quae
659 4076 849 4145 aliquomodo
870 4075 1013 4144 quibusvis
1039 4076 1103 4129 libri
1128 4078 1240 4130 secundi
1258 4077 1353 4131 Tibul·

184 4166 250 4220 liani
274 4165 463 4235 respondeant,
483 4165 512 4218 in
532 4165 655 4235 epicedio
673 4182 728 4219 non
745 4166 884 4234 leguntur.
