2940 4890
190 211 231 274 74

189 407 261 454 esse
296 390 354 454 scd
388 387 586 471 argumentis
619 387 700 470 ipsis
735 388 855 471 optime
889 388 1031 471 probari.
1064 426 1102 434 —
1137 388 1249 471 Neque
1285 409 1361 455 vero

188 496 343 562 habemus
373 495 457 577 quod
486 495 581 560 huius
609 495 684 560 libri
708 496 852 561 carmina
877 497 1034 580 quaedam
1057 496 1193 587 periisse
1218 498 1361 579 suspice-

188 601 306 686 mur1).
352 602 480 667 Etenim
503 601 583 668 haec
614 622 739 686 quoque
769 604 953 670 coniectura
980 624 1019 669 ex
1055 623 1092 669 eo
1127 604 1254 669 videtur
1289 593 1362 669 orta

189 729 269 792 esse,
295 711 380 794 quod
403 714 522 776 statum
545 709 620 775 libri
636 729 730 792 quem
747 711 900 778 habemus
916 711 1114 776 inconditum
1131 716 1164 776 et
1179 710 1362 794 impolitum

190 836 260 884 esse
284 817 509 900 opinabantur.
547 818 638 896 Quod
655 818 784 900 quidem
795 818 856 884 hoo
878 819 948 884 loco
964 838 1028 883 non
1044 817 1199 899 refellam,
1226 819 1361 902 elegias·

189 945 251 1009 que
286 924 430 1007 singulas
459 944 553 1006 quarn
584 925 794 1008 politissimos
823 944 894 991 esse
923 930 956 991 et
981 926 1125 993 consulto
1149 945 1169 990 a
1191 931 1290 1008 poeta
1314 927 1361 991 di·

189 1039 297 1116 gestas
332 1031 453 1115 publici
486 1031 566 1097 iuris
599 1031 737 1097 faciente
773 1052 824 1097 me
856 1033 1149 1098 demonstraturum
1185 1031 1361 1098 Tibullum·
1450 1020 1453 1031 ’

189 1159 251 1222 que
286 1139 469 1205 criticorum
505 1138 691 1204 criminibus
719 1140 930 1206 liberaturum
959 1158 1070 1222 spero,
1106 1145 1143 1205 ut
1174 1139 1239 1205 dixi
1263 1142 1303 1224 (s.
1328 1161 1359 1222 p.

189 1250 286 1314 2611.
315 1248 357 1330 1),
382 1245 472 1312 alias.

277 1354 346 1420 Hoc
371 1358 478 1419 autem
500 1352 570 1418 loco
594 1353 626 1418 id
650 1354 730 1419 satis
754 1353 863 1436 habui,
887 1361 925 1419 ut
949 1373 986 1418 ex
1008 1353 1114 1419 Ouidii
1139 1351 1283 1434 epicedio
1308 1352 1360 1416 Ti-

188 1462 268 1528 bulli
291 1461 408 1527 librum
432 1461 605 1526 secundum
630 1461 670 1525 ab
695 1460 836 1542 elegiaco
861 1461 931 1543 ipso
949 1461 1071 1526 editum
1088 1477 1159 1526 esse
1175 1459 1361 1541 colligerem

190 1574 223 1634 et
256 1568 448 1635 brevitatem
473 1568 552 1649 eius,
582 1587 677 1650 quarn
701 1568 762 1632 viri
790 1569 875 1633 docti
904 1568 1109 1649 incusabant,
1143 1566 1239 1632 rebus
1276 1585 1361 1649 quae

188 1678 299 1743 insunt
322 1674 535 1742 defenderem.
585 1676 675 1754 Quod
699 1677 727 1741 si
751 1677 811 1757 eis,
848 1676 903 1759 qui
931 1676 1046 1740 harum
1070 1693 1176 1740 rerum
1200 1693 1251 1740 me
1274 1674 1360 1756 peri-

120 1766 122 1771 ’
188 1784 288 1849 tiores
324 1787 412 1864 sunt,
448 1784 516 1849 sive
550 1783 647 1866 plane
682 1784 749 1850 sive
778 1802 816 1849 ex
844 1787 938 1865 parte
969 1786 1006 1847 ut
1028 1782 1258 1864 persuaderem
1281 1781 1361 1845 mihi

188 1891 371 1973 contigerit,
397 1909 514 1973 operae
537 1890 678 1973 pretium
703 1910 797 1973 quarn
821 1892 994 1957 maximum
1018 1890 1151 1956 videbor
1175 1889 1308 1972 cepisse.

259 2121 282 2190 1)
300 2120 397 2176 Hiller.
416 2120 434 2174 l.
448 2119 467 2177 l.
481 2137 506 2189 p.
520 2121 572 2176 353
590 2137 616 2176 n.
633 2125 655 2174 l.
