2940 4890
1281 243 1319 304 61

147 415 290 496 respexit
318 415 373 497 qui
388 415 587 498 ,brevitatem
611 415 706 481 huius
734 415 819 496 libri,
846 435 940 498 quam
964 417 1099 483 moleste
1129 416 1202 498 fert,
1231 418 1318 483 nullo

147 523 242 587 modo
268 526 376 588 censet
399 522 537 606 intelligi
560 541 656 604 posse
679 524 741 589 nisi
765 542 804 588 ex
828 529 916 610 statu
938 523 1095 589 librorum
1116 522 1233 587 Tibulli
1258 524 1321 588 iam

118 679 120 685 .
148 628 273 710 pridem
301 629 491 710 perturbato
521 630 565 713 (in
593 648 632 694 ea
659 635 753 711 parte
781 629 855 695 libri
885 648 981 712 quam
1008 630 1187 710 inscripsit:
1224 631 1316 712 „Sco-

148 759 266 820 runpeo
295 738 351 801 der
381 738 503 801 antidea
531 738 729 824 Bucbform“
758 758 809 819 pp.
830 734 1030 817 371--4‘29t
1078 736 1146 800 Iam
1175 746 1321 802 nostrum

149 848 199 908 est
223 863 298 907 num
322 847 410 909 recte
434 844 483 908 vir
508 844 621 908 doctus
645 844 858 909 ratiocinatus
882 844 925 908 sit
949 843 1142 908 examinare.

238 950 288 1015 Ita
321 949 389 1014 iere
416 951 540 1017 Birtius
571 970 640 1016 rem
669 950 809 1032 explicat
833 951 874 1034 (p.
893 949 1061 1032 lllsqq.):
1087 948 1187 1030 „Cum
1213 954 1246 1014 et
1270 970 1322 1015 oo·

150 1057 236 1122 dices
276 1056 391 1138 quibus
429 1057 505 1123 libri
545 1057 718 1122 Tibulliani
756 1057 848 1122 nobis
886 1058 1094 1123 traderentur
1131 1058 1321 1123 recentioris

150 1164 268 1228 aetatis
299 1169 408 1234 essent
436 1183 540 1246 neque
561 1165 741 1231 verisimile
771 1168 857 1229 esset
886 1165 1094 1247 archetypum
1129 1183 1183 1230 eos
1213 1171 1320 1230 aetate

150 1271 251 1335 multo
280 1289 444 1352 superare,
470 1272 630 1352 excerptis
650 1271 807 1336 Parisinis
830 1271 948 1354 quippe
965 1289 1047 1354 quae
1071 1271 1122 1336 his
1143 1271 1321 1336 vetustiora

150 1382 259 1443 essent
275 1378 475 1460 aliquantum
492 1375 695 1444 auctoritatis
712 1378 918 1444 tribuendum
942 1396 1022 1444 esse.
1060 1377 1147 1456 Quae
1164 1395 1235 1442 ourn
1251 1397 1322 1443 ver·

150 1502 204 1548 sus
229 1504 267 1549 ex
292 1484 409 1549 Tibulli
434 1486 572 1551 secundo
603 1485 709 1568 (quem
732 1504 802 1549 nos
832 1504 948 1551 vocare
976 1484 1125 1566 solemus)
1153 1485 1237 1549 libro
1265 1503 1321 1566 pe·

149 1589 227 1654 titos
252 1590 298 1654 ita
322 1589 555 1671 significarent:
582 1593 636 1673 „ia
660 1592 823 1673 secando“,
848 1610 959 1657 versus
984 1592 1038 1673 qui
1063 1590 1158 1656 hodie
1181 1592 1215 1656 in
1238 1591 1328 1674 Lyg-·

150 1696 236 1760 darni
270 1697 382 1780 elegiis
417 1699 602 1781 legerentur
635 1717 697 1763 non
730 1698 777 1763 ita
810 1697 961 1762 exhibere
993 1702 1030 1761 ut
1059 1699 1237 1763 scriberent
1266 1701 1321 1780 „ia

148 1804 269 1883 aeacid‘,
295 1805 351 1869 sed
367 1806 421 1885 „ia
438 1808 564 1870 eodem“
590 1807 715 1890 (nempe
734 1804 899 1885 secundo);
925 1823 1024 1886 quare
1045 1805 1108 1868 iam
1125 1810 1238 1886 patere
1254 1825 1321 1870 mo-

150 1910 296 1990 nachum,
327 1912 381 1992 qui
411 1915 638 1994 excerpsisset,
668 1914 701 1976 in
729 1913 868 1976 secundo
893 1912 1054 1976 volumine
1077 1911 1232 1994 Lygdami
1257 1912 1321 1978 ele-

151 2018 220 2098 gias
243 2017 370 2100 legisse.
413 2020 597 2086 Tenendum
621 2039 692 2085 esse
713 2020 814 2103 igitur
837 2020 869 2083 in
894 2018 1053 2099 excerptis
1077 2020 1157 2084 duos
1180 2023 1321 2083 tantum·

149 2123 243 2187 modo
270 2123 370 2190 libros
394 2125 513 2190 Tibulli
538 2143 715 2191 occurrere.
763 2125 853 2202 Quod
877 2126 1005 2208 quidem
1030 2126 1229 2207 negligentia
1252 2128 1320 2191 eius

151 2233 205 2314 qui
229 2251 340 2296 versus
365 2231 590 2313 exscripsisset
612 2230 732 2297 factum
756 2250 827 2296 esse
851 2231 1054 2312 incredibile,
1085 2251 1159 2296 nam
1184 2234 1321 2299 Vincen-

151 2340 230 2402 tium
255 2356 381 2420 quoque
404 2337 663 2405 Bellovacensem
689 2339 823 2421 Lydami
847 2358 957 2404 versus
982 2340 1029 2404 ita
1058 2340 1214 2406 citavisse.
1273 2341 1321 2403 Ex

150 2445 265 2526 quibus
290 2444 504 2526 colligendum
535 2463 605 2511 esse
629 2464 696 2510 rem
721 2452 858 2527 utroque
882 2450 966 2511 teste
997 2484 1033 2492 -=
1061 2447 1108 2510 ita
1132 2447 1254 2510 Birtius
1279 2484 1321 2493 —
1377 2436 1379 2441 ’

149 2571 221 2617 esse
251 2552 478 2632 vetustiorem;
508 2558 541 2616 et
572 2553 725 2618 accedere
757 2541 841 2634 quod
874 2553 944 2635 ipse
977 2553 1076 2617 codex
1106 2551 1321 2620 Sentenianus

148 2660 219 2741 (qui
248 2659 375 2724 saeculo
404 2678 487 2724 nono
516 2658 724 2742 adscribitur)
753 2659 872 2725 Tibulli
903 2660 1004 2725 libros
1029 2660 1108 2724 duos
1133 2678 1321 2725 commemo·

148 2765 303 2848 raret¹)“.
331 2801 366 2810 —
394 2764 526 2846 Iamque
550 2765 577 2830 si
603 2767 786 2848 quaerimus
811 2772 952 2848 quanto
977 2767 1134 2831 vetustior
1157 2765 1254 2833 luerit
1270 2786 1321 2832 res

117 2898 121 2907 ·
148 2877 286 2953 utroque
309 2877 393 2937 teste
417 2873 593 2952 respondet
615 2874 738 2939 Bittius
762 2874 849 2954 ipsos
875 2878 1000 2939 veteres
1025 2873 1227 2956 (quamquam
1246 2873 1320 2938 Ovi-

149 2979 235 3059 dius,
266 2979 321 3060 qui
349 2983 520 3060 utramque
544 2978 715 3045 voluminis
746 2981 877 3045 secundi
900 2986 1027 3062 partem
1050 3017 1094 3026 —
1119 2981 1320 3062 „Nemesim“

151 3091 184 3150 et
197 3086 440 3171 „Lp9damom“
459 3121 501 3131 -
514 3085 659 3150 imitatus
667 3084 690 3169 ²)
704 3091 801 3167 esset,
814 3087 960 3152 traderet
976 3107 1039 3152 non
1056 3086 1224 3166 Neaeram,
1239 3107 1321 3170 quae

149 3193 288 3258 occurrit
310 3194 343 3258 in
367 3192 523 3275 Lygdemi
547 3192 668 3273 elegiis,
694 3192 750 3257 sed
766 3190 892 3257 Deliam
917 3198 950 3257 et
974 3194 1133 3258 Nemesim
1159 3195 1320 3260 aTibullo

56 3325 60 3334 ·
149 3304 272 3365 amatas
302 3299 383 3382 esse)
413 3299 475 3364 duc
503 3299 666 3364 volumina
690 3318 771 3380 quae
800 3299 841 3364 ad
864 3299 1040 3380 legitimam
1065 3319 1207 3365 normam
1233 3321 1321 3366 aoce-

148 3405 261 3470 dereut
285 3406 451 3471 habuisse:
476 3407 614 3488 primum
638 3406 722 3471 enim
747 3406 795 3488 (ut
808 3405 915 3488 hodie)
933 3408 1127 3473 continuisse
1140 3410 1205 3472 820
1214 3406 1235 3491 ³)
1262 3429 1319 3490 vv,

148 3515 322 3579 secundum
345 3518 452 3579 autem
472 3549 510 3560 -
530 3514 731 3596 „Nemesim“
757 3519 789 3579 et
813 3513 1015 3594 „Naooram“
1045 3535 1141 3597 quam
1166 3514 1249 3581 Sosii
1273 3515 1321 3580 bi-

147 3619 309 3702 bliopolae
332 3620 493 3685 notissimi
517 3621 746 3687 adnexuisseut
772 3660 813 3670 -
838 3623 902 3685 428
917 3627 957 3698 -Ι-
972 3624 1037 3686 290
1054 3653 1088 3672 --
1106 3624 1169 3686 718
1187 3643 1236 3688 vv.

238 3726 302 3792 Sed
324 3727 399 3792 huic
422 3728 664 3793 ratiocinationi
694 3748 776 3810 quae
804 3729 942 3810 primum
971 3728 1110 3793 intuenti
1140 3728 1225 3794 haud
1253 3729 1318 3794 scio

149 3853 190 3898 an
215 3835 358 3899 arrideat
381 3835 590 3917 gravissimae
615 3835 833 3902 dubitationes
850 3836 989 3901 obstant.
1027 3835 1154 3901 Etenim
1179 3837 1206 3900 si
1230 3841 1319 3901 tene-

220 3995 231 4030 1
263 3993 298 4046 a.
310 3954 425 4063 ilauptii
444 4011 537 4065 opusc.
549 3996 603 4063 111,
624 3998 648 4063 a,
667 4012 693 4065 p.
707 3997 770 4050 aaa.
790 3995 823 4049 cf.
837 3995 854 4048 s.
867 4012 894 4064 p.
908 3997 941 4050 aa
960 4011 986 4050 n.
1002 3997 1027 4049 a.

218 4081 231 4119 ²
259 4083 300 4137 De
318 4084 517 4138 imitationibus
538 4085 571 4138 ci.
586 4102 607 4138 s.
620 4102 646 4154 p.
661 4087 696 4140 50
708 4102 734 4140 n.
752 4087 775 4138 9.

219 4171 243 4241 ³)
263 4173 332 4227 Sunt
350 4176 402 4228 810
421 4191 473 4241 vv,
492 4191 545 4227 non
565 4176 626 4230 390.
