2940 4890
190 218 233 281 40

191 395 279 473 Quae
303 394 406 459 oratio
431 392 584 458 concinna
609 393 659 456 cui
683 410 745 456 non
770 392 913 457 arridet?
952 392 1058 472 Atque
1082 391 1166 472 quod
1189 392 1269 458 haec
1285 391 1363 458 ficta

189 503 342 583 leguntur
370 519 440 565 cum
470 519 508 565 ex
540 499 636 564 rebus
665 503 737 563 orta
765 516 835 563 esse
868 498 940 579 ipsa
972 498 1142 562 videantur
1170 518 1229 580 per
1258 518 1293 565 se
1320 519 1363 565 ne

191 609 283 673 decet
307 608 435 688 quidem
453 607 600 672 Ovidium
624 606 817 688 vituperare.
854 605 914 682 Qui
930 624 993 669 non
1011 604 1182 670 historicus
1201 611 1251 671 est
1272 608 1362 672 cuius

191 719 241 779 est
257 714 409 778 iudicium
429 720 463 778 et
479 732 531 779 res
548 713 698 794 religiose
717 730 894 792 secernere,
920 713 977 777 sed
999 716 1097 793 poeta
1115 712 1164 777 cui
1188 732 1251 778 non
1267 715 1361 779 modo

189 822 266 886 licet
289 821 346 887 sed
370 840 464 903 quem
494 821 583 885 iuvat
610 837 662 884 res
691 838 773 900 quae
801 823 989 900 argumento
1025 825 1100 884 sunt
1135 836 1190 884 111
1225 820 1291 885 1111
1328 826 1362 886 11

191 930 278 1010 ipsas
308 945 463 992 exornare
494 931 590 1008 atque
617 927 745 990 variare
777 926 843 989 sive
873 924 963 990 novis
995 943 1074 1006 quas
1102 924 1196 1008 fingit
1226 927 1361 994 adiectis

191 1036 390 1116 distinguere
415 1038 512 1116 atque
536 1051 665 1116 augere.
707 1032 797 1109 Quod
817 1032 844 1096 si
868 1049 996 1112 semper
1019 1037 1135 1113 poetae
1160 1034 1362 1100 concedenda

191 1147 241 1207 est
256 1142 336 1206 haec
351 1141 492 1220 licentia,
508 1140 674 1221 epicedion
690 1140 722 1202 in
739 1157 801 1219 quo
815 1138 921 1203 valeat
937 1139 1072 1203 maxime
1089 1140 1238 1204 idoneum
1255 1147 1306 1207 est
1317 1179 1360 1189 —-

190 1248 278 1314 velut
300 1248 361 1312 hoc
385 1246 575 1312 Ovidianum
600 1245 640 1310 ob
664 1245 851 1309 memoriam
875 1245 993 1309 Tibulli
1017 1246 1237 1327 compositum,
1262 1267 1362 1330 pane-

191 1355 317 1438 gyricus
341 1355 397 1419 illo
413 1353 630 1435 dignissimus,
655 1352 770 1433 plenus
786 1370 856 1415 cum
874 1351 992 1417 doloris
1008 1352 1125 1417 sinceri
1140 1357 1210 1417 tum
1227 1361 1362 1435 apertae

190 1461 422 1541 admirationis,
458 1460 572 1524 ultima
607 1463 771 1540 tamquam
806 1477 865 1522 vox
900 1477 964 1539 qua
987 1458 1119 1524 Ovidius
1154 1460 1274 1542 quippe
1310 1463 1362 1527 cui

191 1568 309 1634 Tibulli
332 1569 408 1632 dum
431 1568 517 1632 inter
541 1567 628 1632 vivos
654 1570 724 1630 1111
740 1565 914 1630 amicitiam
934 1564 1001 1630 lata
1016 1584 1079 1630 non
1097 1566 1261 1632 dedissent
1276 1588 1361 1633 mor-

190 1680 280 1739 tuum
303 1680 433 1757 poetam
457 1674 611 1756 sequitur.

278 1782 347 1846 Hoc
370 1785 501 1862 praeter
518 1780 630 1845 omnia
653 1779 826 1844 tenendum
850 1783 900 1845 est
923 1784 956 1844 et
979 1779 1039 1843 hac
1059 1779 1185 1844 ratione
1201 1800 1362 1862 quaecun-

190 1906 252 1969 que
284 1888 318 1952 in
350 1887 410 1952 boc
438 1887 578 1953 carmine
606 1886 758 1968 leguntur
784 1886 965 1968 iudicanda,
993 1905 1034 1950 ne
1062 1905 1145 1967 quae
1177 1886 1253 1952 ficta
1288 1907 1362 1954 esse

190 1999 328 2077 apparet
352 2014 390 2058 ea
412 1999 450 2059 ut
472 2013 531 2076 pro
555 1994 639 2058 veris
663 1992 863 2059 venditemus
887 1993 1084 2059 inducamur.
1122 1994 1212 2071 Quod
1236 1995 1360 2076 pericu·
1446 1989 1449 1992 ⁴

189 2102 256 2167 lum
279 2102 343 2166 iam
367 2100 546 2167 videbimus
570 2100 741 2180 plerosque
765 2119 829 2164 non
852 2098 982 2182 fugisse.
1040 2100 1147 2182 Atque
1175 2102 1203 2166 si
1227 2102 1266 2166 de
1289 2103 1363 2183 ipsa

190 2208 317 2273 ratione
342 2207 484 2273 dubitari
507 2225 570 2271 non
594 2210 712 2286 potest,
738 2223 820 2286 qnae
844 2224 921 2270 vera
944 2224 1027 2287 quae
1050 2205 1125 2271 ficta
1150 2208 1216 2271 sint
1239 2208 1361 2273 discer-

189 2333 265 2380 nere
290 2312 453 2379 difficilius
478 2331 540 2376 non
565 2317 624 2377 est.
672 2312 769 2377 Velut
793 2312 832 2376 de
847 2331 896 2376 vv.
915 2314 966 2376 31.
987 2313 1028 2376 32
1053 2312 1131 2394 quid
1154 2298 1360 2380 iudicandum

188 2422 232 2487 sit
256 2426 397 2487 constat:
421 2438 501 2502 quos
525 2437 620 2501 quum
644 2437 719 2484 vere
737 2417 870 2483 Ovidius
893 2418 1087 2484 vaticinatus
1111 2421 1154 2485 sit
1178 2422 1282 2487 adhuc
1305 2421 1361 2487 fir·

188 2547 277 2593 mare
301 2529 377 2593 licet
399 2527 525 2607 lepidos
549 2526 669 2591 Tibulli
691 2525 819 2591 libellos
844 2525 1041 2607 legentibus;
1067 2527 1101 2591 id
1124 2546 1251 2610 quoque
1275 2531 1361 2610 qnod

188 2634 217 2700 h.
235 2635 257 2698 l.
275 2634 437 2698 Nemesim
459 2638 554 2697 vocat
578 2655 708 2706 „curum
723 2641 903 2705 recentem“,
930 2634 1089 2717 ‚ptumum
1113 2644 1272 2699 umorem“
1296 2636 1360 2703 De·

187 2739 264 2805 liam
288 2740 471 2821 repetitque
491 2739 534 2820 (v.
553 2739 609 2818 53)
635 2739 857 2823 „Nemesisque
880 2742 1008 2820 (nempe
1023 2741 1197 2826 posterior)
1207 2743 1361 2828 priorque

188 2847 330 2927 (Delia)“
356 2849 480 2910 rectum
505 2862 576 2910 esse
604 2845 734 2922 scimus3
761 2845 879 2909 etenim
904 2845 1038 2910 decebat
1063 2847 1210 2913 Ovidium
1234 2849 1267 2914 in
1292 2849 1360 2931 epi·
1434 2902 1445 2920 .

189 2952 278 3016 cedio
304 2952 422 3016 Tibulli
447 2953 634 3016 memoriam
659 2952 875 3018 celebrantem
899 2971 998 3033 opera
1026 2952 1095 3017 1111
1125 2973 1207 3034 quae
1231 2956 1360 3037 quidem

187 3059 379 3142 pervulgata
410 3064 518 3124 essent
546 3077 691 3140 quaeque
720 3064 910 3141 argumenta
933 3059 980 3124 eis
1004 3056 1142 3124 fuissent
1169 3080 1356 3127 memorare.

186 3167 256 3231 Hae
280 3170 356 3232 sunt
378 3184 445 3230 res:
471 3165 521 3231 his
546 3171 654 3232 cetera
677 3184 759 3248 quae
783 3164 859 3232 ficta
883 3170 959 3232 sunt
987 3166 1143 3247 nituntur,
1172 3165 1249 3232 ficta
1272 3168 1360 3234 vide-

186 3273 263 3339 licet
287 3272 440 3338 consulto.

277 3380 367 3457 Quod
392 3379 603 3461 respicientes
629 3380 669 3444 ud
694 3399 740 3445 vv.
761 3380 890 3444 55—58
915 3380 1129 3460 aggredimur.

276 3485 447 3552 Certamen
477 3488 663 3568 depingitur
691 3486 805 3550 Deliae
835 3491 868 3550 et
898 3485 1080 3550 Nemeseos.
1140 3489 1246 3569 Atque
1275 3489 1360 3570 quod

186 3593 344 3675 gloriatur
376 3593 469 3658 Delia
498 3593 603 3657 vivum
631 3597 760 3675 poetam
789 3593 893 3674 ipsam
908 3592 1080 3658 'amavisse
1110 3600 1359 3659 consentaneum

186 3703 292 3764 estet
321 3701 451 3766 mireris
479 3699 547 3764 fere
576 3700 660 3781 quod
689 3718 840 3781 expresse
868 3701 901 3765 id
930 3698 1063 3764 Ovidius
1092 3698 1269 3766 firmaverit
1297 3701 1360 3767 nisi

188 3824 227 3871 ea
250 3807 378 3872 ratione
401 3807 482 3873 haec
505 3807 666 3871 sententia
690 3806 872 3888 excogitata
895 3812 981 3873 esset
1004 3811 1041 3871 ut
1064 3806 1159 3871 alteri
1183 3826 1361 3888 opponere·

186 3918 239 3976 tur
266 3913 416 3994 graviori,
443 3932 525 3995 quae
549 3915 590 3978 ad
614 3914 775 3979 Nemesim
803 3914 956 3994 pertinet.
1006 3912 1153 3994 Namque
1182 3914 1209 3980 si
1238 3933 1296 3995 per
1323 3933 1360 3980 se

188 4019 341 4084 credibile
365 4038 427 4083 non
452 4024 502 4084 est
524 4020 652 4084 Deliam
677 4024 710 4084 et
726 4020 888 4084 Nemesim
911 4018 1016 4084 funeri
1039 4018 1224 4086 interfuisse
1239 4019 1300 4086 hoc
1319 4038 1359 4086 11

187 4127 349 4191 sententia
373 4145 469 4209 quam
490 4125 635 4191 Nemesis
659 4128 849 4209 pronuntiat
866 4126 1044 4193 certissime
1066 4128 1236 4209 probatur:
1262 4146 1358 4209 quam
