2940 4890
1277 257 1314 317 15

235 436 367 517 lamque
401 433 601 498 meminimus
634 432 714 496 baec
744 431 912 511 scripsisse
941 430 1102 495 Tibullum
1130 449 1159 494 a.
1183 429 1316 516 724130,

146 560 217 606 cum
246 540 431 606 Messallam
459 540 492 603 iu
521 539 631 610 Asiam
659 543 828 604 secuturus
861 541 1014 618 aegrotus
1044 535 1202 618 Corcyrae
1215 537 1236 618 ¹)
1267 557 1317 602 re·

147 648 328 713 mansisset.
377 647 570 724 Quibuscum
601 643 747 710 conferas
774 644 871 709 velim
899 661 1010 709 versus
1039 643 1151 724 quiin
1176 644 1319 726 elegial

147 755 300 837 leguntur
322 753 393 818 hos:
675 759 678 765 '

238 878 286 925 vv.
324 860 354 924 3.
391 861 426 922 4:
451 881 541 943 quem
564 858 653 922 tabor
676 859 826 921 adsiduus
849 858 949 921 simeo
972 868 1084 921 terreat
1106 857 1198 930 hoste,

495 965 616 1028 Martio
641 966 690 1028 eoi
713 986 836 1027 somnos
860 963 989 1026 classice
1006 963 1104 1047 pulsa
1119 964 1247 1049 fragrem:

239 1073 429 1160 vv.25.26:1
451 1073 518 1135 iem
540 1073 632 1135 modo
656 1069 773 1152 iuers²l
792 1071 914 1157 possim
938 1081 1093 1134 coutentes
1108 1071 1206 1133 oluere
1220 1091 1319 1153 pereo

495 1200 549 1242 uec
572 1201 694 1263 semper
717 1178 826 1262 touque
850 1179 970 1242 deditus
995 1199 1058 1241 esse
1080 1178 1157 1254 viee,

151 1289 322 1365 praeterea
345 1303 395 1349 vv.
414 1284 560 1348 53-56:

410 1461 412 1464 Α
453 1401 480 1454 te
503 1390 616 1454 bellare
639 1391 836 1471 decatessera,
862 1389 1021 1463 Messalla,
1046 1390 1197 1473 morique,

496 1509 530 1561 ut
553 1500 662 1560 domos
685 1497 806 1561 hostiles
825 1495 989 1582 praeferet
1012 1496 1150 1560 muetos:

389 1604 429 1666 55
453 1626 500 1668 me
522 1605 653 1668 reticeat
671 1605 806 1666 eiectam
827 1606 990 1690 formosae
1015 1602 1116 1666 eiecto
1135 1601 1270 1686 puellae,

497 1722 524 1774 et
547 1710 634 1774 sedeo
658 1695 755 1772 duros
778 1711 895 1774 ianitor
918 1721 989 1775 uerte
1004 1711 1104 1794 fores.

244 1815 317 1880 Jam
341 1819 433 1896 patet
456 1815 618 1880 Tibullum
643 1833 714 1879 cum
737 1814 820 1880 tales
843 1835 956 1882 versus
980 1816 1103 1898 elegiae
1126 1815 1142 1878 Ι
1165 1814 1325 1879 insereret

157 1920 351 1986 condicionis
375 1939 458 2003 quae
482 1919 588 1986 estin
611 1920 660 1985 III
682 1921 886 1987 recordatum
903 1941 984 1988 esse.
1023 1924 1060 1988 In
1076 1921 1124 1986 III
1141 1918 1325 1985 Messallam

157 2031 324 2092 secuturus
350 2035 399 2093 est
423 2028 544 2093 bellum
569 2031 746 2110 gerentem,
772 2026 805 2091 in
829 2027 845 2091 l
867 2028 995 2110 puellae
1019 2046 1129 2093 amore
1152 2027 1279 2090 vinctus
1306 2042 1326 2087 a

156 2131 241 2197 bello
258 2133 352 2213 plane
370 2152 405 2199 se
422 2135 560 2201 abdicat.
596 2134 742 2214 Apparet
758 2125 858 2214 igitur
874 2134 1033 2199 Tibullum
1051 2150 1120 2198 cum
1137 2132 1152 2194 Ι
1168 2132 1328 2197 scriberet

156 2237 243 2304 illius
281 2240 476 2307 condicionis
512 2239 697 2305 meminisse
730 2256 769 2303 ea
802 2244 908 2304 mente
940 2259 981 2306 ne
1014 2241 1132 2310 iterum
1164 2237 1327 2302 cohortem

158 2351 356 2425 sequeretur.
394 2347 466 2412 Huc
482 2347 606 2413 accedit
622 2346 708 2428 quod
724 2364 824 2425 amor,
849 2345 976 2428 integer
996 2346 1029 2410 in
1045 2345 1104 2424 ΙΠ,
1122 2343 1154 2408 in
1170 2343 1187 2406 l
1201 2342 1328 2424 paullu-

158 2448 224 2514 lum
247 2452 397 2518 turbatus
422 2472 493 2518 esse
515 2453 657 2531 videtum
689 2470 751 2533 quo
776 2453 925 2532 spectant
947 2450 1046 2514 verba
1070 2462 1097 2512 et
1120 2451 1207 2513 sedeo
1232 2451 1329 2512 duras
1425 2441 1429 2448 ’

157 2556 275 2619 ianitor
298 2570 368 2622 oute
384 2559 485 2643 fores.¹
529 2559 617 2624 Haec
642 2558 727 2622 enim
751 2556 932 2623 Schultzius
954 2557 988 2638 tl.
1005 2556 1026 2622 1.
1044 2576 1074 2638 p.
1094 2557 1151 2634 40)
1168 2574 1232 2620 non
1255 2572 1329 2635 per·

159 2661 265 2726 tinere
294 2664 335 2727 ad
363 2670 497 2746 nuptam
520 2665 648 2730 Deliam
671 2702 713 2710 —
737 2668 775 2729 ut
802 2664 974 2729 voluerunt
1001 2662 1225 2727 Lachmannus
1254 2658 1328 2742 (1.1.

161 2786 189 2847 p.
212 2767 289 2852 152)
310 2768 346 2835 0.
364 2771 535 2838 Richterus
552 2771 586 2858 (l.
606 2770 642 2856 1.)
659 2771 875 2838 Baehrensius
892 2770 927 2855 (l.
945 2769 982 2853 1.)
998 2806 1033 2815 -
1052 2768 1108 2833 sed
1125 2767 1331 2849 cogitandum

211 3015 254 3087 Q
271 3016 334 3069 Non
358 3015 520 3069 crediderim
544 3016 630 3071 Leoni
657 3018 686 3071 id
709 3020 816 3072 tantum
840 3015 1002 3071 concedenti
1024 3014 1077 3068 hoe
1103 3029 1210 3067 carmen
1239 3011 1331 3066 condi·

163 3103 266 3158 cionem
285 3103 465 3172 Corcyraeam
484 3103 639 3171 depingere,
659 3104 795 3175 Corcyrae
819 3106 952 3174 scriptum
971 3120 1030 3158 esse
1048 3103 1169 3171 neganti.
1207 3101 1331 3170 Namque

162 3192 243 3246 finem
265 3192 427 3261 praesertim
451 3191 641 3245 suavissimum
670 3210 750 3263 quem
777 3193 856 3248 modo
883 3193 1055 3247 laudavimus
1084 3191 1107 3244 si
1128 3190 1251 3259 respicis,
1270 3205 1332 3256 gra-

162 3282 236 3334 viore
264 3280 459 3350 probabilitate
488 3280 685 3335 existimaveris
714 3283 845 3351 seriptum
873 3297 932 3334 esse
962 3297 979 3333 a
1006 3282 1089 3349 poeta
1117 3279 1171 3348 qui,
1201 3294 1262 3331 eum
1288 3293 1332 3331 res

163 3383 217 3420 non
240 3369 431 3435 permitterent
453 3370 484 3421 ut
505 3368 565 3438 ipse
589 3370 644 3423 iam
667 3371 878 3440 amplecteretur
896 3368 1016 3439 puellam
1035 3367 1249 3434 dilectissimam,
1275 3365 1332 3419 acri

164 3455 252 3507 animo
271 3458 424 3525 vegetoque
443 3457 533 3511 colore
553 3457 641 3527 qualis
660 3459 768 3513 futurus
788 3460 861 3513 esset
885 3457 932 3511 ille
952 3460 1040 3510 status
1052 3456 1175 3524 fingebat
1187 3455 1330 3526 pingebat-

165 3559 217 3613 que
237 3558 317 3612 quam
336 3551 367 3597 nt
394 3545 446 3599 tibi
468 3547 638 3615 persuaseris
661 3554 769 3617 poetam
794 3550 972 3617 posteaquam
990 3545 1102 3599 Romam
1127 3543 1211 3598 rediit
1232 3544 1332 3613 prioris

165 3632 332 3686 condicionis
350 3634 524 3687 recordatum
542 3638 600 3687 tum
620 3635 726 3689 demum
745 3637 777 3688 ut
795 3634 863 3689 heac
887 3635 1021 3688 scriberet
1044 3635 1163 3687 animum
1186 3632 1333 3687 induxisse.

164 3721 260 3790 Neque
278 3737 343 3775 vero
361 3722 391 3775 id
408 3721 562 3792 improbare
576 3723 685 3777 videtur
697 3725 861 3778 seutentiam
873 3739 961 3777 meam
974 3722 1047 3791 quod
1060 3721 1129 3775 dicit
1141 3721 1209 3774 Leo:
1229 3721 1333 3784 „Eiram

164 3809 282 3862 Kraulceu
303 3812 355 3863 aad
373 3812 508 3863 Einsamen
527 3814 618 3864 mdeste
637 3814 675 3863 iot
693 3815 759 3864 nicht
776 3832 803 3866 so
822 3814 870 3864 viel
888 3814 997 3864 metuere
1020 3813 1063 3865 des
1084 3811 1178 3864 Geistes
1200 3811 1252 3861 und
1269 3812 1335 3861 reice

165 3898 301 3966 Stimmunq
319 3911 436 3952 retronea
454 3903 500 3952 wr'e
518 3920 563 3953 aus
582 3902 669 3955 diesem
691 3901 796 3953 dedicta
812 3888 936 3967 spriclr¹r“,·
954 3900 1001 3970 qui
1020 3915 1084 3953 num
1104 3897 1215 3952 Goethii
1233 3897 1335 3966 elegias

165 3986 300 4041 Romanas
319 3991 382 4057 apte
401 3989 430 4042 in
449 4005 527 4043 suum
545 4005 624 4043 usum
643 3988 809 4043 converterit
827 3988 931 4045 dubito.

236 4074 259 4145 ⁹)
277 4075 337 4129 Hoc
359 4080 434 4131 reete
453 4077 594 4133 Vahlenus
619 4077 644 4147 (l.
663 4076 682 4130 1,
695 4094 722 4147 p.
736 4077 798 4145 354)
825 4077 855 4130 in
882 4079 987 4131 textum
1014 4077 1120 4146 recepit
1146 4090 1195 4144 pro
1225 4075 1335 4129 traditis

165 4164 332 4219 lectionibus
350 4168 382 4219 nt
400 4166 483 4220 variis
501 4168 542 4221 ita
561 4166 707 4235 corruptis.
