2940 4890
199 226 238 287 14

194 406 291 481 prout
314 419 366 465 res
391 406 424 466 et
446 401 570 466 animus
594 404 723 481 poetam
744 400 934 465 invitabant.
976 401 1036 479 Qui
1053 401 1080 465 si
1097 401 1174 483 quid
1190 401 1285 467 linxit
1300 423 1363 469 non

194 508 241 570 ita
268 511 377 570 tamen
402 525 454 572 res
479 506 671 586 obscuravit,
700 506 777 589 quin
800 505 894 573 facilc
922 524 1005 588 quae
1029 511 1220 589 argumento
1244 507 1366 574 fuerint

195 613 399 678 condiciones
426 631 484 679 eae
513 612 701 693 investigari
730 617 826 693 atque
855 630 937 694 quae
968 613 1096 679 viduam
1125 614 1251 679 Deliam
1281 633 1364 697 quae

194 723 327 799 nuptam
349 720 490 784 carmina
506 717 710 799 depinxerint
725 719 853 798 seiungi
868 719 1003 800 possint.
1043 719 1111 784 Has
1127 720 1227 803 igitur
1244 720 1364 802 elegias

193 825 225 890 II
248 826 293 890 VI
318 844 394 890 cave
429 843 470 889 ne
505 822 679 889 confundas
715 842 786 888 cum
820 824 885 888 illis
915 825 963 888 III
985 825 1010 889 l.
1062 826 1131 890 Hoc
1155 827 1239 891 enirn
1269 845 1363 907 quam

192 931 409 1013 perniciosum
447 932 491 997 sit
529 931 576 995 nil
614 930 731 995 clarius
767 932 861 995 docet
895 948 990 1011 quam
1025 932 1110 1012 quod
1147 930 1252 1013 elegia
1279 931 1311 995 ΙΙ
1345 951 1365 996 a

192 1037 390 1103 Baehrensio
414 1037 539 1102 interl
563 1041 596 1102 et
618 1034 666 1101 III
689 1035 883 1117 interposita
907 1041 970 1117 est3
1000 1036 1055 1119 qui
1079 1036 1116 1103 Ο.
1138 1037 1327 1103 Richterum
1338 1036 1363 1121 ¹)

193 1148 322 1208 secutus
351 1161 521 1224 perperam
550 1142 759 1209 conicientem
783 1140 907 1207 Deliam
937 1161 956 1206 a
980 1142 1106 1208 Tibullo
1136 1149 1276 1209 amatam
1299 1164 1363 1210 non

192 1266 264 1314 esse
292 1249 356 1313 nisi
383 1253 516 1329 nuptam
546 1253 733 1314 occaecatus
761 1247 828 1313 lere
857 1248 992 1330 elegiam
1016 1248 1065 1314 III
1092 1250 1126 1314 in
1154 1250 1217 1316 fine
1241 1270 1363 1333 ponens

192 1354 271 1419 haec
295 1353 372 1420 fecit
395 1355 494 1420 verba
510 1355 545 1437 (l.
563 1355 584 1419 l.
602 1375 633 1437 p.
652 1357 721 1436 20):
748 1356 834 1434 „Die
850 1357 918 1419 circi
934 1367 1033 1420 ersten
1048 1356 1244 1421 Deliciiader
1260 1358 1363 1422 baldea

192 1462 241 1524 eia
264 1463 298 1523 ia
322 1462 387 1524 sich
410 1461 668 1545 abqeschioaseaes
685 1459 806 1526 Gamzo:
829 1463 872 1526 aie
892 1462 1046 1526 achildem
1060 1487 1120 1526 aas
1135 1465 1185 1528 die
1197 1464 1363 1549 qidciclicbe

192 1569 261 1632 Za't
283 1569 317 1630 ia
339 1568 454 1631 Tibullo
470 1568 649 1651 Lietsctofl
672 1569 728 1631 mit
744 1568 874 1632 Delia.“
914 1569 982 1633 Iam
1005 1570 1143 1650 primum
1168 1571 1195 1635 si
1210 1576 1363 1636 naturam

192 1672 316 1756 elegiae
338 1673 386 1738 III
421 1675 490 1739 sine
524 1675 574 1738 ira
606 1675 796 1755 respicimus
831 1675 902 1757 quis
933 1676 1044 1741 credat
1071 1675 1198 1742 Deliam
1227 1681 1361 1758 nuptam

192 1800 263 1848 esse
281 1801 352 1848 cum
368 1781 471 1863 primo
488 1780 602 1845 obtutu
614 1784 727 1862 pateat
738 1799 878 1847 amorem
892 1800 954 1864 quo
969 1782 1205 1865 coniunguntur
1219 1783 1362 1849 Tibullus

193 1894 227 1953 et
250 1889 344 1953 Delia
367 1888 455 1952 nullo
485 1886 578 1952 modo
608 1904 679 1953 esse
704 1890 891 1954 turbatum?
938 1891 973 1953 ln
1004 1895 1148 1954 extrema
1171 1889 1363 1971 praesertim

191 2000 285 2076 parte
308 1993 349 2077 (v.
370 1997 410 2059 89
424 1993 508 2076 sqq.)
525 1998 647 2076 quanta
663 1995 815 2074 suavitas,
840 2001 978 2077 quantus
995 1997 1092 2061 ardor
1108 1996 1238 2060 amorisi
1280 1995 1362 2059 Num

191 2101 268 2183 quid
293 2100 400 2167 acerbi
424 2101 457 2164 in
482 2118 590 2165 amore
612 2104 729 2181 poetae
754 2101 871 2182 gaudio
896 2105 930 2165 et
954 2119 1011 2182 spe
1035 2099 1193 2166 exultanti
1213 2100 1278 2178 iam
1293 2104 1363 2164 tum

191 2208 345 2274 accidisse
369 2207 561 2272 credamus?
599 2207 700 2271 Immo
724 2207 778 2288 qui
803 2211 944 2286 censent,
969 2206 1096 2271 Deliam
1121 2225 1192 2271 cum
1216 2205 1361 2271 Tibullus

191 2313 251 2379 hoc
275 2313 431 2379 scriberet
454 2315 587 2392 nuptam
610 2312 675 2377 iam
697 2311 811 2393 fuisse,
837 2312 1082 2378 amoenissimae
1107 2312 1230 2394 elegiae
1254 2311 1363 2376 dulce·

191 2399 297 2485 dinem
321 2420 417 2502 plane
442 2418 582 2483 demunt.
621 2418 691 2485 Hoc
715 2419 845 2495 initium
865 2418 984 2483 amoris
1001 2418 1122 2500 estqui
1138 2417 1362 2484 intercedebat

189 2526 275 2591 inter
304 2526 464 2591 Tibullum
500 2529 532 2590 et
559 2524 685 2589 Deliam
713 2525 1016 2613 innocentissimam,
1045 2543 1109 2598 non
1145 2525 1248 2591 solum
1275 2523 1361 2606 quod

190 2632 317 2698 initium
354 2632 477 2713 elegiae
512 2632 546 2697 id
578 2632 664 2714 quod
691 2651 789 2714 supra
818 2632 861 2716 (p.
889 2630 922 2714 7)
951 2630 1200 2714 significavimus
1234 2636 1360 2712 tempus

188 2739 335 2820 respicit,
371 2739 428 2804 sed
458 2739 570 2819 etiam,
607 2738 692 2819 quod
720 2738 849 2819 gravius
879 2741 944 2815 est,
981 2737 1056 2818 quia
1080 2736 1221 2802 animum
1244 2741 1361 2818 poetae

190 2846 293 2927 spirat
315 2845 417 2910 multo
445 2844 621 2912 feliciorem
650 2843 892 2925 beatioremque
922 2843 1039 2908 ceteris
1064 2879 1105 2889 -
1130 2861 1170 2908 ne
1193 2843 1209 2906 l
1233 2844 1361 2924 quidem

189 2952 321 3034 excipio.
371 2952 462 3031 Quod
490 2951 706 3019 Baehrensius
738 2954 851 3031 captus
879 2949 1031 3031 opinione
1061 2948 1203 3014 carmina
1233 2968 1270 3014 eo
1298 2968 1361 3031 quo

188 3060 221 3123 in
244 3058 337 3124 libris
360 3059 532 3124 traduntur
549 3057 661 3124 ordine
679 3076 698 3122 a
713 3060 811 3139 poeta
826 3056 949 3137 scripta
966 3052 1070 3138 csse²)
1087 3055 1209 3120 iudicat
1224 3059 1301 3121 ante
1313 3055 1362 3118 III

188 3166 400 3247 compositum
424 3184 504 3232 esse.
552 3164 704 3248 Legimus
729 3167 838 3230 autem
860 3163 895 3229 in
919 3162 1025 3244 elegia
1047 3161 1097 3226 IlI
1119 3162 1215 3228 haec:

275 3292 325 3338 vv.
362 3275 390 3336 l.
428 3274 461 3338 2:
484 3273 576 3337 Ibitis
599 3272 740 3357 Aegaeos
763 3273 829 3335 siae
852 3294 909 3343 me,
934 3269 1094 3341 Messalla,
1115 3291 1177 3354 per
1198 3269 1308 3340 cados,

533 3403 550 3443 o
573 3380 694 3443 utinam
716 3399 865 3443 tuameres
888 3378 954 3461 ipsc
977 3375 1144 3460 cohorsque
1166 3375 1228 3438 mei
1250 3392 1321 3455 sqq.

276 3505 326 3551 vv.
341 3487 393 3550 55.
408 3487 464 3551 56:
489 3486 537 3550 iiic
559 3487 636 3551 iacet
658 3485 764 3550 inmiti
786 3493 984 3568 consumptus
1007 3492 1103 3546 morte
1132 3480 1280 3555 Tibullus,

530 3592 713 3657 Messallam
736 3603 821 3656 tarra
844 3590 918 3654 dam
942 3590 1138 3676 sequiturque
1160 3589 1253 3653 mari.

260 3788 283 3858 1)
300 3786 399 3842 Rhein.
412 3784 482 3838 Mus.
497 3784 574 3840 XXV
593 3783 688 3855 (1870)
706 3799 723 3852 p
748 3783 800 3839 518
814 3799 874 3852 sqq.

257 3875 280 3947 ⁹)
298 3875 375 3930 Idem
393 3889 479 3942 nuper
498 3888 530 3926 ex
543 3871 744 3926 commentariis
763 3888 856 3925 eorum
874 3871 923 3941 qui
936 3872 1000 3924 ante
1013 3869 1103 3938 ipsum
1118 3869 1159 3924 ita
1170 3869 1362 3924 iudicaverant

186 3965 364 4035 repetendum
392 3963 498 4017 curavit
521 3961 616 4016 multis
641 3961 741 4029 verbis,
765 3976 819 4014 non
844 3960 885 4014 ita
906 3961 939 4012 ut
966 3958 1124 4012 crederetur
1152 3957 1183 4014 G.
1204 3958 1359 4012 Doncieux:

187 4053 245 4122 „De
272 4051 375 4106 Tibulli
400 4051 561 4108 amoribus.“
590 4050 678 4105 Paris.
701 4051 777 4106 1887.
795 4065 823 4118 p.
842 4047 958 4115 43-60,
982 4047 1061 4117 impr.
1080 4046 1113 4102 cf.
1132 4063 1159 4117 p.
1177 4048 1211 4103 39
1235 4063 1294 4117 sqq.
1326 4047 1359 4102 cf.

186 4140 304 4210 Magnus
323 4140 343 4194 1.
356 4139 374 4195 1.
