2940 4890
215 228 261 291 22¹

215 403 393 486 principem
418 402 517 468 fuisse
541 402 764 485 priusquam
789 400 934 467 Tibullus
957 401 1075 465 librum
1101 402 1236 482 primum
1263 404 1382 469 ederet.

215 512 285 576 Hoc
308 511 336 575 si
361 515 507 575 tenemus
531 507 638 575 facere
662 527 726 572 non
750 525 921 589 possumus
946 508 1022 590 quin
1047 509 1300 590 interpretemur
1322 512 1382 576 ita:

217 618 362 683 Tibullus
386 617 475 698 (inde
504 635 523 680 a
549 635 578 681 v.
597 614 676 698 447)
711 633 764 680 res
800 632 883 695 quae
919 612 1087 680 offensioni
1123 621 1231 682 essent
1266 617 1386 684 similes

216 730 313 807 atque
350 743 409 806 ego
446 722 602 805 depinxit,
640 739 722 804 quae
754 726 862 784 tamen
899 721 946 784 illi
980 740 1045 785 non
1075 728 1256 788 nocuerunt
1289 726 1386 790 immo

183 852 186 858 ’
218 832 260 914 (v.
283 831 361 914 463)
391 835 424 895 et
452 848 536 894 nunc
566 829 688 910 legitur
715 826 886 909 placetque
910 865 948 873 —
971 846 1014 892 sc.
1033 847 1102 892 curn
1134 847 1193 911 ego
1222 832 1388 914 relegatus

217 921 277 1002 sim
296 973 333 984 -
352 941 386 1001 te
410 937 569 1018 probante
589 936 743 1017 principe,
769 938 803 999 et
825 933 890 997 iam
914 939 1020 1014 antea,
1037 953 1152 1016 nempe
1177 955 1247 1002 cum
1270 938 1390 1003 librum

217 1044 355 1126 primum
379 1047 625 1125 praeceptorum
650 1042 786 1107 istomm
817 1040 1039 1121 plenissimum
1068 1041 1232 1126 edidisset,
1264 1049 1297 1110 et
1323 1044 1389 1110 iarn

218 1157 285 1217 tum
302 1156 337 1215 tu
355 1168 426 1214 eras
442 1152 601 1232 princeps,
620 1150 725 1215 clarus
741 1147 930 1212 habebatur.
969 1148 1038 1226 Qua
1053 1149 1084 1212 in
1103 1151 1265 1216 sententia
1281 1152 1391 1216 subin-

219 1258 410 1339 telligimus:
434 1257 470 1321 In
494 1275 545 1321 me
570 1275 640 1321 cum
664 1256 815 1337 princeps
840 1271 928 1318 esses
950 1258 983 1318 et
999 1254 1043 1318 sis
1060 1275 1161 1338 eoque
1178 1257 1248 1337 ipso
1265 1276 1390 1322 morum

220 1370 310 1430 tutor
335 1362 387 1446 (cl.
404 1384 434 1429 v,
452 1360 568 1448 233l4)
593 1361 783 1445 gravissime
811 1360 958 1425 invectus
988 1379 1022 1426 es
1054 1366 1087 1426 et
1115 1362 1285 1445 inveheris,
1312 1381 1391 1446 ergo

108 1553 111 1558 ⁵
222 1472 250 1538 si
273 1471 431 1536 voluisses
455 1469 546 1534 illurn
571 1487 699 1551 quoque
714 1467 778 1531 iam
794 1472 863 1531 tum
880 1468 992 1533 eadem
1010 1473 1107 1551 atque
1131 1475 1245 1551 postea
1261 1471 1393 1553 (nempe

221 1598 292 1644 cum
314 1596 365 1643 me
389 1575 566 1659 relegeres)
584 1580 617 1640 et
640 1574 744 1640 adhuc
767 1579 931 1655 potestate
954 1573 1082 1641 functus
1098 1578 1236 1642 multare
1254 1577 1393 1658 potuisti

221 1684 339 1749 similia
364 1683 629 1748 committentem:
660 1681 804 1746 sednon
828 1679 944 1762 fecisti,
970 1683 1065 1748 immo
1090 1683 1139 1748 illi
1163 1684 1309 1749 carmina
1326 1702 1393 1748 non

221 1792 268 1857 ita
291 1795 329 1855 ut
352 1790 430 1854 mihi
454 1788 560 1854 fraudi
584 1786 723 1853 fuerunt.
764 1787 929 1853 Particula
945 1792 1011 1853 iam
1033 1790 1134 1873 igitur
1158 1791 1198 1854 ad
1220 1795 1395 1872 utrumque

222 1899 367 1980 pertinet
389 1908 417 1961 te
434 1898 581 1983 principe
607 1900 640 1960 et
663 1907 751 1959 notus
781 1906 856 1959 crat.
909 1897 957 1960 Ad
987 1898 1183 1963 Sententiam
1211 1904 1299 1961 notus
1328 1909 1397 1962 erat

223 2002 383 2087 particula
413 2007 540 2083 spectat
569 2010 606 2067 ut
638 2002 799 2084 oppositio
829 2021 912 2083 quae
942 2008 992 2068 est
1019 2005 1052 2067 in
1082 2005 1297 2084 temporibus:
1328 2022 1395 2068 non

224 2111 326 2176 solnm
350 2128 448 2175 nunc
471 2109 593 2190 legitur
616 2108 798 2199 placetque,
829 2108 1008 2173 sedetiam
1040 2115 1159 2174 antea
1186 2116 1282 2176 notus
1311 2115 1394 2191 erat,

225 2235 261 2284 eo
286 2216 402 2281 fortius
425 2216 619 2295 illustretur,
644 2216 685 2279 ad
708 2229 736 2280 te
754 2217 900 2300 prina'pe
929 2219 1035 2280 antem
1066 2222 1104 2280 ut
1133 2218 1281 2298 gradatio
1311 2234 1397 2299 quae

225 2325 330 2391 estin
354 2323 465 2388 rebus:
497 2322 641 2387 Tibullus
665 2341 858 2405 quamquam
886 2323 1005 2388 similia
1034 2329 1131 2407 atque
1163 2342 1222 2407 ego
1251 2323 1399 2404 depinxit

225 2437 333 2497 tamen
358 2431 495 2511 primurn
519 2429 640 2510 legitur
663 2435 730 2494 tum
755 2430 862 2510 placet
886 2431 932 2511 (te
949 2431 1121 2512 probante)
1142 2431 1274 2496 tertium
1298 2431 1396 2496 immo

228 2556 298 2604 cum
321 2537 439 2602 librum
463 2537 576 2601 ederet
601 2557 637 2602 eo
662 2541 817 2617 ternpore,
844 2555 906 2618 quo
935 2541 971 2601 tu
1000 2538 1151 2621 princeps
1176 2539 1268 2602 modo
1292 2535 1398 2603 factus

227 2662 309 2722 eras,
334 2644 501 2725 tripartita
526 2644 715 2724 gravissimo
741 2644 865 2709 cumulo
891 2650 1060 2726 augeatur.
1100 2646 1170 2710 Hoc
1186 2645 1279 2711 modo
1297 2634 1399 2710 intere

228 2756 393 2833 pretemur
417 2768 548 2815 necesse
573 2755 638 2830 est;
664 2749 783 2815 etenim
808 2750 844 2830 si,
870 2751 955 2832 quod
979 2752 1082 2831 primo
1108 2752 1223 2816 obtutu
1252 2752 1398 2818 arridere

228 2859 368 2937 videtur,
393 2856 585 2939 particulam
607 2857 672 2920 iam
689 2855 729 2920 ad
752 2874 848 2921 unam
873 2858 1066 2922 sententiam
1090 2871 1180 2922 notos
1204 2870 1270 2922 erat
1285 2855 1399 2923 referi·

228 2984 310 3046 mus,
335 2962 539 3029 manifestum
566 2964 671 3028 estin
697 2964 833 3028 eundem
856 2981 915 3027 nos
940 2981 977 3028 oc
1000 2964 1232 3030 Baehrensium
1256 2965 1399 3029 incidere

230 3091 372 3137 errorem
397 3071 535 3150 etiamsi,
562 3089 632 3135 cum
655 3089 826 3152 perperam
842 3069 898 3134 illc
914 3087 942 3135 a.
961 3068 1095 3156 726728,
1121 3076 1208 3139 recte
1225 3092 1252 3137 a.
1274 3067 1397 3156 727727

229 3179 428 3261 respicimus.
484 3176 653 3267 Sententia
676 3181 783 3244 autem
807 3177 839 3241 iu
865 3196 903 3242 eo
932 3178 1039 3258 posita
1070 3184 1120 3244 est
1151 3179 1236 3261 quod
1261 3177 1397 3258 August'

229 3287 430 3368 principatus
453 3285 581 3350 initium
609 3286 699 3367 prius
728 3285 790 3348 fuit
813 3283 930 3348 Tibulli
960 3284 1034 3349 libri
1063 3286 1159 3367 primi
1184 3285 1336 3364 editione,
1366 3289 1401 3349 et

230 3399 411 3474 utrumque,
438 3393 629 3473 praesertim
646 3411 716 3455 cum
741 3408 915 3471 paucorum
930 3387 1088 3453 mensimn
1104 3387 1274 3452 intervallo
1291 3404 1401 3468 segre·

232 3504 373 3582 geretur,
386 3499 553 3579 aptissime
564 3504 660 3580 poeta
671 3503 703 3564 et
715 3503 860 3578 tempore
873 3501 905 3560 et
915 3515 950 3560 re
960 3496 1007 3560 ita
1018 3495 1181 3560 coniunxit
1191 3499 1227 3559 ut
1238 3494 1399 3576 opposuit.

320 3606 380 3670 His
405 3606 559 3686 expositis
585 3623 623 3670 ea
647 3622 729 3686 quae
752 3602 931 3669 Hankelius
956 3602 1091 3668 similem
1120 3620 1157 3666 ac
1180 3599 1401 3666 Baehrensius

234 3714 392 3777 rationem
424 3717 553 3778 secutus
586 3731 624 3778 ex
658 3712 710 3775 bis
744 3710 891 3776 versibus
928 3710 1096 3793 collegisse
1132 3709 1194 3773 sibi
1229 3707 1403 3772 videbatur

233 3819 359 3885 facilius
383 3820 600 3902 intelligemus
625 3818 774 3884 similiter
797 3817 959 3883 reicienda
985 3836 1065 3883 esse.
1105 3817 1166 3894 Qui
1189 3816 1238 3880 vir
1255 3815 1407 3880 doctiori.

234 3947 305 3994 mus
337 3925 478 4010 ceuset¹)
509 3927 654 3994 Ovidium
687 3927 726 3992 de
755 3926 948 4008 panegyrico
978 3925 1151 3990 Messallae
1182 3928 1214 3988 et
1245 3921 1349 4002 elegia
1373 3921 1404 3985 X

305 4156 328 4224 ¹)
346 4156 415 4209 Acta
433 4155 527 4210 societ.
541 4154 607 4224 phil.
622 4154 695 4223 Lips.
710 4154 734 4210 V
753 4153 846 4223 (1875)
864 4169 890 4222 p.
904 4155 947 4207 86.
