2940 4890
1279 233 1319 295 41

150 414 278 496 quidem
309 411 477 478 morientis
507 412 625 478 Tibulli
654 431 782 477 manum
816 410 1016 476 deficientem
1049 412 1192 477 tenuisse
1225 411 1322 493 plane

148 520 259 587 fictum
288 525 339 584 est
362 557 404 564 —
428 519 493 584 iam
523 520 614 584 vides
642 537 706 600 qua
733 518 868 584 ratione.
929 518 1061 583 Ovidius
1089 519 1117 584 si
1146 519 1322 583 orationem

149 627 246 693 aliter
271 624 502 692 conformasset
525 625 608 691 haec
630 626 740 707 verba,
768 630 806 690 ut
830 624 975 689 Tibullus
1007 625 1205 708 cogitaverat
1233 624 1278 708 (in
1294 625 1322 706 Ι)

149 734 190 799 de
214 733 309 797 Delia
333 751 404 798 curu
428 738 569 813 optaret,
594 733 641 798 ita
655 733 782 797 Deliam
806 732 965 798 dicentem
988 730 1096 797 iacere
1119 732 1239 814 potuit3
1265 733 1323 797 sed

148 859 190 906 ue
214 845 282 905 tum
307 840 436 921 quidem
460 840 488 905 si
512 840 597 921 quod
620 839 675 904 ille
699 844 832 904 voverat
855 855 970 919 reapse
986 839 1137 904 morienti
1154 839 1323 905 obvenisse

148 967 207 1030 per
223 947 349 1011 Deliam
372 945 543 1027 firmasset,
568 947 616 1010 rei
637 946 733 1027 plane
756 946 985 1028 respondisset,
1011 965 1091 1029 cum,
1115 952 1153 1011 ut
1175 947 1323 1028 exposui·

148 1072 220 1119 mus
236 1052 363 1118 Deliam
387 1071 537 1135 supremo
558 1053 593 1116 'in
617 1052 708 1117 illum
731 1051 836 1118 officio
859 1073 923 1119 non
946 1053 1087 1119 functam
1111 1071 1182 1120 esse
1206 1055 1321 1136 ipsam,

150 1162 198 1226 ita
220 1160 389 1225 morientis
418 1159 537 1225 Tibulli
561 1158 680 1241 quippe
705 1160 760 1241 qui
787 1160 852 1224 iam
879 1160 1006 1264 pridem
1033 1180 1103 1227 earn
1131 1179 1239 1226 amare
1267 1160 1322 1225 de-

149 1269 258 1334 siisset
292 1285 422 1332 manum
457 1264 659 1331 deficientem
694 1266 840 1331 tenuisse
874 1267 1056 1349 negandum
1091 1268 1145 1334 sit.
1203 1268 1323 1332 Tamen

149 1374 288 1441 disticha
319 1378 355 1438 ut
385 1373 538 1456 leguntur
567 1373 805 1453 reprehendere
840 1392 903 1438 nou
933 1374 1032 1439 iuvat.
1090 1374 1173 1440 Nam
1201 1375 1262 1438 hoc
1289 1375 1322 1438 in

149 1481 324 1547 certamine
349 1499 419 1545 cum
444 1477 579 1543 Ovidius
595 1479 720 1544 Deliam
748 1479 906 1560 „primurn
923 1483 1084 1545 amorem“
1110 1481 1201 1564 prius
1224 1480 1324 1546 faciat

148 1588 343 1670 loquentem,
382 1586 545 1652 Nemesim
581 1589 689 1650 autern
729 1603 857 1665 „curam
893 1590 1075 1652 recentem“
1113 1588 1216 1653 altero
1251 1587 1321 1653 loco

147 1700 249 1778 ponat
272 1698 523 1759 consentaneum
548 1696 599 1757 est
622 1692 846 1773 gradationem
869 1693 1029 1774 quandam
1059 1693 1222 1774 expectari
1252 1712 1322 1759 earn

147 1806 185 1866 ut
207 1795 290 1882 quae
313 1801 403 1883 prius
427 1799 534 1864 locuta
559 1799 602 1863 sit
617 1799 713 1864 Delia
738 1817 776 1863 ea
792 1798 938 1864 Nemesis
962 1804 1030 1864 tum
1055 1819 1185 1881 operam
1210 1801 1265 1865 det
1285 1805 1323 1865 ut

148 1912 281 1989 superet
303 1907 355 1972 vel
378 1904 499 1971 refutet
523 1905 735 1987 gravioribus.
774 1906 845 1970 Hoc
861 1910 969 1970 autern
992 1910 1029 1970 ut
1053 1905 1198 1972 efficeret
1214 1912 1321 1988 poeta,

149 2033 219 2081 curn
242 2012 337 2095 plura
361 2032 400 2078 ex
425 2012 542 2077 Tibulli
566 2012 650 2078 libro
674 2014 778 2094 primo
802 2013 835 2078 in
859 2012 920 2078 hoc
936 2013 1081 2093 epicedio
1097 2015 1253 2098 hauriret,
1276 2015 1322 2079 nil

147 2120 254 2186 facere
277 2121 384 2202 potuit
407 2120 521 2185 melius
546 2139 642 2201 quarn
666 2126 703 2186 ut
724 2121 758 2185 id
782 2121 868 2202 quod
892 2121 967 2186 olim
991 2123 1031 2187 de
1054 2121 1149 2185 Delia
1174 2122 1322 2203 cogitans

150 2227 295 2292 Tibullus
334 2231 506 2307 optaverat
544 2231 581 2291 ut
615 2227 677 2292 sibi
713 2228 882 2293 obveniret
916 2227 985 2292 sine
1020 2228 1086 2292 ulla
1121 2226 1323 2293 dubitatione

150 2333 279 2399 Nemesi
309 2332 478 2398 tribueret.
533 2333 604 2398 Non
633 2332 767 2398 fortuito
796 2334 896 2414 igitur
925 2332 1057 2399 Ovidius
1086 2353 1154 2398 rem
1185 2334 1324 2400 mutavit

149 2440 199 2521 (ut
221 2440 254 2505 in
277 2459 306 2505 v.
326 2441 377 2520 50,
395 2437 433 2504 cf.
453 2457 476 2503 s
495 2458 527 2520 p.
546 2439 612 2522 37),
641 2440 736 2504 immo
766 2440 913 2505 consulto
937 2439 1110 2521 deditaque
1135 2459 1235 2522 opera
1259 2460 1321 2522 quo

146 2545 263 2612 fortius
287 2546 320 2611 id
350 2547 436 2628 quod
466 2546 567 2610 voluit
596 2547 796 2626 impetraret.
848 2547 916 2624 Quo
945 2544 983 2610 fit
1010 2551 1047 2610 ut
1074 2546 1155 2612 haec
1183 2547 1322 2612 disticha

148 2654 210 2718 duo
235 2652 320 2735 quod
342 2651 419 2717 ficta
443 2657 519 2718 sunt
543 2671 607 2717 non
630 2654 724 2718 modo
740 2672 804 2718 non
820 2651 1028 2733 offendamur,
1046 2653 1103 2717 sed
1120 2653 1321 2719 alacritatem

148 2764 181 2824 et
198 2759 342 2840 vigorem
362 2759 559 2825 admiremur
577 2759 656 2824 adeo
675 2759 770 2840 capti,
788 2764 825 2823 ut
849 2778 919 2823 cum
943 2778 995 2825 res
1018 2764 1182 2841 tamquam
1206 2765 1323 2842 agatur

147 2885 211 2931 non
232 2871 385 2931 narretur
409 2884 558 2931 scaenam
583 2865 666 2930 hanc
695 2883 766 2931 esse
794 2864 862 2930 fere
891 2868 1059 2932 credamus
1086 2866 1118 2930 in
1148 2886 1211 2949 qua
1239 2868 1321 2934 duae

147 2991 307 3053 personae
330 2973 538 3038 vehementer
563 2973 721 3037 excitatae
745 2973 953 3039 altercantur.

236 3083 327 3148 Haec
349 3079 450 3161 igitur
473 3079 570 3161 plane
593 3077 670 3145 ficta
693 3097 764 3145 esse
789 3083 925 3146 constat.
966 3079 1030 3144 Sed
1046 3079 1180 3145 Ovidius
1196 3078 1321 3162 fingens

150 3207 220 3254 cum
243 3186 395 3253 licentiae
420 3204 502 3267 quae
527 3189 644 3267 poetae
669 3190 719 3252 est
743 3191 839 3267 atque
867 3185 900 3250 in
925 3204 988 3268 qua
1011 3186 1083 3266 ipsa
1111 3186 1219 3265 poesis
1247 3186 1322 3250 niti-

148 3300 202 3361 tur
225 3301 346 3360 temere
363 3311 427 3357 non
450 3293 596 3374 indulsit,
620 3297 688 3357 tum
713 3297 902 3374 argumento
926 3293 1011 3374 quod
1026 3295 1226 3357 tractaturus
1250 3297 1323 3357 erat

147 3403 265 3466 mirum
289 3405 447 3482 quantum
472 3399 605 3466 servivit
629 3418 699 3464 cum
724 3404 758 3464 et
781 3399 886 3481 ipsum
909 3399 1079 3480 utriusque
1102 3398 1231 3480 puellae
1255 3418 1322 3464 cer-

148 3514 256 3574 tamen
273 3526 397 3572 summa
413 3508 577 3573 sententia
593 3506 805 3572 cumulaverit
820 3511 854 3570 et
870 3506 1057 3571 recordatus
1073 3505 1161 3570 illius
1178 3507 1320 3587 descrip-

147 3615 246 3680 tionis
283 3612 485 3678 Tibullianae
520 3613 554 3678 in
589 3613 681 3678 initio
717 3613 805 3694 (inde
835 3633 900 3679 av.
918 3615 974 3696 47)
1003 3612 1099 3678 rebus
1131 3632 1169 3678 ex
1194 3612 1320 3677 Tibullo

149 3721 320 3802 exscriptis
344 3721 379 3785 in
401 3720 507 3784 medio
533 3720 622 3801 (iude
645 3739 665 3784 a
690 3721 745 3802 53)
763 3716 854 3783 novis
879 3735 917 3781 ex
941 3717 1042 3797 ipsius
1066 3719 1195 3801 iugenio
1216 3720 1322 3785 adiec-

148 3828 192 3892 tis
216 3827 249 3891 in
273 3825 336 3891 fine
361 3826 402 3890 ad
418 3826 632 3892 Tibullianam
650 3825 842 3891 sententiam
858 3824 1003 3890 redierit.
1041 3825 1187 3907 Namque
1203 3846 1322 3892 merno-

146 3934 230 3997 riam
255 3932 374 3998 Tibulli
399 3932 557 3997 celebrari
580 3933 682 3997 voluit
698 3970 738 3979 —
757 3932 894 4013 poetice.
934 3930 1025 4008 Quod
1048 3931 1075 3994 si
1099 3931 1202 3996 voluit
1225 3932 1321 3996 aliter

149 4039 279 4105 efficere
314 4039 441 4121 potuit?
503 4039 630 4104 Deliam
665 4040 874 4104 adamaverat
907 4042 1019 4118 poeta3
1055 4055 1138 4118 quae
1173 4038 1321 4102 destituit

149 4151 267 4228 nupta;
305 4151 373 4211 turn
411 4145 586 4212 Nemeseos
623 4147 760 4230 gratiam
796 4151 833 4210 ut
867 4145 929 4210 sibi
969 4144 1155 4210 conciliaret
1189 4162 1320 4226 operam
