2940 4890
1244 243 1283 306 31

204 420 356 498 Queritur
373 419 505 486 Ovidius
527 439 554 485 a.
575 417 652 506 735)
659 423 697 484 19
715 421 799 502 quod
825 440 866 486 ne
890 421 1018 487 vatibus
1042 421 1180 502 quidem,
1205 438 1286 503 quos
1409 452 1416 464 =

79 595 80 599 ,
114 534 247 610 praeter
263 533 389 593 ceteros
405 528 551 593 homines
568 528 619 593 dei
635 528 833 594 immortales
849 533 1001 609 amarent,
1018 527 1086 592 lata
1101 533 1286 609 parcerent:

114 655 175 702 nec
199 637 283 702 Lino
310 655 369 701 neo
393 636 521 717 Orpheo
545 641 698 717 parentes
722 636 920 711 immortales
944 635 1118 717 profuisse,
1146 635 1287 699 Homero

115 762 242 825 qnoque
267 744 333 809 vita
349 743 566 809 decedendum
583 742 692 808 luisse.
733 744 797 809 Sed
813 744 1013 809 consolatur:
1038 743 1166 808 etiamsi
1182 741 1288 823 poetis

114 850 195 931 ipsis
218 851 418 916 moriendum
443 855 543 930 esset,
569 851 711 916 carmina
734 856 843 917 tamen
867 871 978 917 eorum
1003 873 1114 936 „ropac
1138 850 1287 935 effiopero“

115 957 136 1024 i.
154 976 182 1023 e.
200 958 397 1038 sempiterna
417 959 503 1023 tradi
523 959 680 1039 posteris3
704 964 737 1023 et
758 960 842 1024 sicut
865 959 1021 1039 „Troiani
1033 959 1130 1044 fama
1151 957 1288 1021 tedoald‘

117 1069 152 1129 ot
180 1065 262 1139 „telo
290 1076 440 1129 nocturno
468 1065 538 1129 dolo
569 1074 706 1130 retactau
735 1066 877 1130 carmina
903 1063 1113 1130 celeberrima
1138 1066 1213 1147 post
1239 1068 1290 1130 tot

118 1171 246 1238 saecula
273 1177 423 1238 extarent
445 1173 632 1254 Homerica,
667 1173 788 1237 Tibulli
805 1191 932 1255 quoque
956 1191 1027 1238 cum
1051 1172 1120 1254 ipso
1142 1177 1288 1238 mortuus

117 1284 205 1345 esset
227 1280 358 1345 Deliam
380 1291 408 1345 ct
431 1280 591 1346 Nemesim
615 1281 740 1367 lorcyum
770 1305 882 1347 nomen
909 1283 1069 1346 habituras
1100 1304 1171 1346 esse.
1221 1279 1290 1344 Iam

117 1391 209 1468 patet
235 1389 379 1454 rationes
408 1390 562 1470 quasdam
590 1389 795 1455 intercedere·
821 1390 907 1455 inter
934 1394 1105 1470 utrumque
1129 1386 1289 1453 distichon

117 1495 177 1578 (vr.
204 1497 256 1561 29.
283 1497 326 1560 30
350 1501 383 1561 et
412 1497 464 1560 31.
494 1497 565 1579 32),
602 1516 673 1562 oum
702 1497 779 1563 bina
806 1497 975 1578 utriusque
1002 1501 1119 1578 poetae
1149 1495 1291 1561 carmina

118 1603 334 1684 nominentur,
359 1604 492 1670 Homeri
521 1605 647 1678 ,‚Iliae“
672 1611 705 1671 et
729 1603 920 1691 ‚‚Odpeeea“,
950 1604 1069 1671 Tibulli
1093 1603 1233 1679 ,‚Delia“
1258 1608 1292 1668 et

119 1710 314 1807 ‚,Nemeaie“.
354 1711 443 1776 Haec
467 1717 576 1778 autem
599 1712 721 1779 referre
745 1732 809 1778 non
834 1730 1004 1794 possumus
1028 1712 1091 1776 nisi
1115 1713 1156 1776 ad
1173 1709 1292 1776 Tibulli

118 1818 220 1884 libros
247 1819 385 1900 primum
414 1825 447 1885 et
475 1821 662 1902 secundum,
693 1840 763 1913 cum
792 1822 887 1903 primi
915 1840 1039 1886 summa
1062 1819 1169 1901 posita
1193 1819 1236 1884 sit
1258 1818 1291 1882 in

122 1926 314 1993 carminibus
331 1928 444 1993 Deliae
459 1927 507 1992 III
522 1928 538 1992 Ι
554 1929 580 1993 V
597 1928 629 1991 Π
644 1929 699 2010 VI,
726 1930 858 1994 secundi
874 1933 981 1994 autem
999 1927 1122 2010 elegiae
1139 1930 1292 2009 quattuor

120 2030 263 2115 (praeter
286 2035 509 2101 brevissimam
532 2035 574 2116 Il,
605 2040 637 2100 et
661 2037 677 2101 I
701 2037 740 2101 de
765 2056 829 2119 qua
852 2037 957 2102 adhuc
986 2035 1175 2118 ambigitur,
1205 2032 1242 2098 cl.
1266 2051 1290 2098 s.

120 2159 152 2220 p.
170 2141 222 2221 26,
247 2160 276 2205 n.
298 2143 329 2226 l)
363 2142 481 2208 Tibulli
517 2147 550 2207 et
582 2143 757 2209 Nemeseos
798 2162 924 2209 amores
940 2214 943 2218 ,
961 2144 1147 2225 depingant⁴
1205 2140 1292 2206 Satis

120 2247 232 2312 mirari
256 2266 320 2314 non
343 2267 484 2331 possum,
509 2251 595 2332 quod
618 2251 702 2316 hunc
724 2251 830 2316 locum
854 2253 1050 2331 interpretes
1073 2250 1140 2315 sive
1163 2248 1292 2314 silentio
1318 2263 1322 2269 ·

120 2356 361 2434 praeterierunt
384 2358 453 2423 sive
476 2377 540 2423 non
569 2359 616 2423 ita
639 2363 675 2423 ut
698 2376 758 2440 par
781 2363 853 2423 erat
876 2358 917 2422 ad
940 2358 1097 2424 librorum
1121 2357 1294 2421 editionem

120 2460 319 2544 reserebant3
345 2465 400 2546 qui
420 2464 498 2529 mihi
518 2465 646 2531 videtur
663 2467 871 2548 gravissimus
888 2483 960 2530 esse
976 2470 1009 2529 et
1024 2484 1082 2546 per
1098 2483 1142 2544 se,
1169 2461 1295 2528 etiamsi

121 2569 186 2634 alia
220 2571 408 2636 testimonie
439 2573 604 2654 deessent,
640 2573 777 2637 maxime
806 2574 941 2640 idoneus
968 2591 1007 2638 ex
1030 2590 1092 2654 quo
1117 2569 1295 2636 certissime

123 2674 303 2756 colligatur,
321 2695 391 2742 cum
408 2678 540 2744 Ovidius
561 2678 657 2760 paulo
674 2684 749 2760 post
765 2679 884 2744 Tibulli
900 2684 1036 2744 mortem
1051 2679 1112 2743 hoc
1128 2677 1295 2758 epicedion

120 2781 288 2863 scriberet,
317 2785 456 2866 primum
478 2787 596 2852 librum
625 2787 799 2862 „Deliam‘
828 2792 861 2853 et
888 2787 1063 2852 secundum
1092 2783 1295 2860 „Nemesim“

121 2888 283 2971 perlectos
309 2896 343 2955 et
367 2893 470 2959 editos
494 2893 604 2975 luisse,
630 2895 753 2960 scilicet
777 2896 818 2961 ab
841 2896 912 2977 ipso
938 2894 1074 2961 Tibullo.
1122 2893 1183 2958 Hic
1206 2892 1295 2957 locus

121 2997 222 3080 igitur
251 3017 322 3063 cum
346 3000 442 3080 primi
464 3001 539 3067 libri
564 3021 583 3066 a
608 3003 734 3068 Tibullo
759 3004 858 3078 editi,¹
884 3004 923 3068 de
953 3021 1015 3085 quo
1040 3020 1133 3067 nemo
1158 2998 1294 3077 dubitat,

121 3123 223 3171 novus
239 3107 378 3170 adicitur
401 3109 495 3173 testis
520 3109 566 3173 eis
583 3128 663 3190 quos
680 3129 779 3191 supra
794 3110 971 3190 attulimus,
989 3115 1058 3175 tum
1074 3110 1106 3173 in
1123 3106 1297 3172 secundum

121 3212 207 3277 idem
239 3215 355 3279 eadere
383 3215 560 3281 clarissime
588 3217 706 3298 probat
734 3222 771 3282 ut
799 3218 945 3300 equidem
974 3219 1114 3283 nesciam
1137 3211 1296 3296 quomodo

123 3319 219 3384 aliter
241 3320 452 3402 interpretari
475 3321 586 3403 liceat3
621 3324 706 3388 etei
730 3325 785 3406 qui
810 3343 847 3389 ex
872 3323 903 3387 h.
920 3323 940 3388 l.
967 3323 1139 3397 „Deliom“
1164 3323 1297 3401 apoeta

124 3426 245 3491 editam
262 3446 335 3493 esse
347 3435 487 3510 sumunt,
506 3430 533 3495 si
546 3430 661 3495 miram
674 3431 831 3497 orationis
843 3430 1108 3513 aequabilitatem
1120 3427 1299 3509 respiciunt

123 3551 255 3600 neeesse
277 3540 328 3601 est
343 3537 429 3601 idem
445 3537 485 3601 de
502 3538 673 3612 ‚‚Nemaai“
689 3540 840 3605 sentiant.
879 3538 943 3605 Sed
957 3540 1153 3619 interpretes
1169 3534 1299 3600 nomina

67 3645 72 3653 “
123 3645 250 3714 tantum
266 3641 380 3707 Deliae
404 3646 438 3708 et
453 3643 627 3711 Nemeseos
652 3647 863 3727 respicientes
888 3651 921 3711 et
943 3647 977 3711 in
994 3646 1054 3711 hoc
1068 3664 1132 3709 uno
1149 3641 1297 3721 disticho,

94 3760 99 3765 ’
123 3749 210 3839 quod
234 3767 272 3814 ex
297 3754 449 3816 contextu
474 3770 684 3834 eorumquae
709 3754 864 3834 exscripsi
887 3757 1082 3833 exemerunt,
1107 3752 1179 3833 plus
1196 3767 1298 3831 aequo

124 3855 297 3922 haerentes
322 3876 477 3922 summam
494 3859 542 3924 rei
558 3879 599 3924 ne
616 3861 865 3942 suspicabantur
881 3862 1020 3944 quidem,
1046 3879 1116 3924 cum
1133 3860 1180 3922 ita
1194 3858 1300 3922 locum

123 3963 380 4047 intelligerent¹)
415 3968 508 4049 quasi
543 3967 677 4033 Ovidius
717 3987 813 4050 quam
853 3971 989 4050 primam
1030 3967 1170 4049 puellam
1204 3982 1300 4047 quam

124 4108 338 4119 --·.-.—.—...

196 4195 481 4265 1JvelutTenffolius
500 4197 518 4252 1.
537 4198 556 4256 1.
575 4216 600 4269 p.
615 4201 675 4256 469.
