2940 4890
178 218 220 281 28

176 399 229 460 tus
258 393 385 458 initium
415 396 448 457 et
475 393 557 458 hanc
586 393 761 459 editionem
791 392 962 457 intervallo
991 393 1081 458 brevi
1110 397 1282 476 segregata
1308 399 1346 458 ut

176 504 252 582 apte
284 501 332 564 ita
367 498 508 579 graviter
541 519 579 564 ea
612 506 687 581 qua'
709 499 914 580 exposuimus
948 501 1073 566 ratione
1107 501 1220 566 eodem
1251 519 1345 566 versu
1459 504 1464 512 '

176 608 334 689 iungeret.

215 771 220 776 .
265 712 370 778 Ovidii
395 716 500 777 autern
525 712 706 786 hisverbis
722 732 762 778 ne
779 712 911 786 obstant
926 714 1055 796 quidem
1072 714 1213 779 eiusdem
1230 720 1346 794 poetae

176 839 287 886 versus
323 838 402 901 quos
438 820 569 899 scripsit
605 821 644 884 de
680 819 895 901 elegiacorum
930 824 1099 900 poetarum
1130 821 1345 884 Romanorum

176 926 289 992 ordine
311 924 473 990 notissimi
498 924 530 988 hi
556 925 666 1007 (Trist.
685 925 740 1004 IV,
763 928 811 1005 10,
831 926 872 990 53
890 928 965 1008 sq.):

207 1079 208 1082 ,
264 1051 416 1096 successor
442 1034 509 1118 fuit
543 1033 592 1094 lu'e
627 1032 800 1115 (Tibullus)
835 1035 900 1112 ribi,
937 1032 1043 1098 Galle:
1077 1035 1263 1118 Propertius
1298 1034 1347 1098 ill·

1134 1140 1299 1224 (Tibullo),

310 1256 439 1330 quartus
463 1247 501 1309 ab
524 1246 572 1308 leis
595 1247 672 1309 cerie
695 1247 843 1331 temporis
869 1247 935 1331 epse
950 1247 1015 1333 fui.

265 1351 351 1417 Ordo
369 1357 420 1417 est
442 1352 507 1417 hic:
535 1350 703 1417 Cornelius
721 1352 834 1418 Gallus
851 1348 1181 1438 (substa-rrum),
1199 1353 1346 1418 Tibullus

176 1460 236 1542 (ca.
268 1457 587 1544 rooles-renue),
624 1458 812 1539 Propertius
849 1459 906 1542 (ca.
938 1455 1102 1544 705l49-·
1131 1478 1177 1525 ca.
1197 1458 1345 1546 739l15),

176 1567 308 1632 Ovidius
342 1563 651 1652 (711243-7tol17
681 1585 713 1646 p.
736 1563 836 1648 (ihr).
895 1565 1088 1631 Persuasum
1112 1571 1220 1629 autem
1243 1566 1346 1631 habeo

177 1674 325 1739 Ovidium
355 1693 425 1739 curn
461 1674 520 1738 hos
552 1691 665 1739 versus
700 1673 856 1739 scriberet
891 1692 954 1737 non
991 1674 1151 1755 cogitasse
1186 1673 1225 1736 de
1255 1673 1346 1738 libris

175 1785 344 1862 poetarum
377 1781 493 1863 quibus
523 1780 720 1861 temporibus
755 1780 834 1846 editi
867 1785 985 1861 essent,
1019 1798 1157 1861 namque
1182 1779 1345 1861 Propertii

175 1888 258 1953 liber
282 1889 405 1968 primus
429 1888 519 1969 prius
550 1888 656 1952 editus
686 1891 736 1952 est
765 1886 882 1951 Tibulli
912 1888 1034 1968 eodem,
1065 1904 1124 1951 nec
1152 1887 1192 1952 de
1220 1887 1347 1951 ratione

176 1998 358 2075 temporum
393 2014 475 2076 quae
510 1995 595 2059 inter
632 1993 776 2076 singulos
809 1994 1009 2076 singulorum
1043 1997 1212 2075 poetarum
1246 1994 1346 2059 libros

176 2101 401 2181 intercederet,
431 2120 502 2166 cum
526 2121 566 2166 ne
591 2099 662 2166 fieri
686 2101 814 2181 quidem
845 2106 957 2181 posset
985 2105 1022 2165 ut
1051 2100 1112 2165 hoc
1138 2105 1206 2164 tarn
1233 2101 1345 2181 paucis

69 2243 73 2249 ·
176 2208 474 2289 comprehenderet,
499 2208 556 2272 sed
572 2207 605 2271 id
628 2226 726 2270 unum
750 2209 946 2287 spectavisse
962 2212 1009 2288 ut,
1028 2226 1097 2271 curn
1121 2206 1224 2288 ipsius
1248 2208 1347 2272 vitam

176 2315 317 2380 breviter
334 2315 521 2396 explicaret,
544 2335 606 2396 quo
628 2319 809 2396 temporum
833 2314 944 2379 ordine
961 2313 1094 2396 elegiaci
1119 2332 1253 2395 quorum
1278 2313 1348 2394 ipse

177 2426 311 2504 quartus
336 2427 407 2487 erat
430 2421 576 2487 fuerint
599 2421 817 2504 exponeret).

177 2617 252 2650 wesen
272 2600 328 2650 iu.“
367 2597 420 2652 Sed
440 2614 602 2668 quamquam
622 2599 730 2650 constat
748 2596 885 2665 Propertii
903 2595 1031 2650 librnmI
1049 2596 1143 2665 paucis
1162 2595 1240 2648 annis
1259 2598 1308 2666 (ca.
1322 2612 1347 2651 a.

177 2686 288 2754 ratleo)
306 2690 383 2741 ante
398 2686 501 2741 Tibulli
512 2687 612 2740 librum
630 2687 646 2740 I
666 2686 768 2739 editum
787 2702 854 2750 esse,
873 2689 966 2740 tamen
984 2683 1131 2739 verisimile
1145 2686 1187 2736 est
1198 2683 1349 2737 seeundum

177 2775 223 2844 (=
236 2775 271 2829 ΙΙ.
287 2775 333 2829 III
346 2775 469 2846 Lachm.)
492 2792 562 2829 anno
588 2774 685 2844 727l27
710 2775 805 2828 eodem
828 2775 885 2828 lere
911 2778 1032 2843 tempore
1055 2790 1087 2826 ae
1109 2772 1226 2842 primum
1245 2772 1348 2825 Tibulli

177 2863 206 2915 in
224 2863 313 2916 lucem
326 2865 449 2933 prodisse
463 2864 503 2932 (cf
522 2865 553 2920 H
565 2864 633 2933 (III)
653 2867 694 2930 10,
713 2866 755 2928 153
774 2863 804 2916 II
823 2863 889 2934 (III)
910 2865 951 2929 34,
972 2865 1003 2918 91
1019 2861 1071 2931 sq.)
1092 2863 1180 2915 itaut
1199 2861 1273 2914 credi
1291 2877 1347 2914 non

175 2953 265 3021 possit
283 2952 400 3007 alterum
417 2955 526 3022 poetam
545 2953 681 3007 imitatum
701 2969 760 3006 esso
779 2951 906 3020 alterum3
928 2966 1017 3019 nequo
1037 2950 1108 3004 enirn
1127 2948 1266 3002 Tibullum
1279 2950 1346 3003 Pro-

176 3040 260 3110 pertii
280 3041 400 3094 carmina
418 3041 527 3109 singula
545 3041 653 3095 novisse
672 3042 830 3111 priusquam
852 3039 917 3093 libri
940 3040 994 3108 ipsi
1019 3038 1117 3108 quibus
1140 3040 1244 3091 inserta
1269 3041 1348 3092 erant

178 3129 323 3183 ederentur
342 3129 512 3185 crediderim.
544 3131 585 3184 De
604 3132 686 3184 tertio
706 3133 797 3183 autem
814 3129 953 3198 Propertii
971 3127 1041 3181 libro
1060 3127 1223 3195 recogitari
1237 3127 1347 3197 quidem

177 3220 276 3288 polest,
296 3219 397 3289 quippe
417 3222 464 3290 qni
484 3221 603 3291 quinque
623 3220 679 3273 fere
699 3219 776 3272 annis
796 3220 859 3287 post
876 3215 979 3270 Tibulli
997 3216 1098 3270 librum
1120 3217 1236 3286 primum
1256 3215 1346 3269 editus

177 3307 221 3374 sit,
251 3324 311 3361 cnm
336 3312 443 3362 constet
475 3309 591 3378 elegiam
618 3308 715 3364 XVIII
743 3307 777 3361 ad
806 3324 829 3362 a.
849 3308 950 3376 rullus
981 3308 1113 3375 spectare.
1152 3306 1185 3360 cl.
1207 3304 1345 3372 Wilhelm,

177 3396 371 3450 Wochenschr.
385 3397 404 3450 f.
418 3397 497 3451 lrlass.
517 3396 589 3450 Phil.
604 3397 627 3451 V
646 3398 739 3466 (1888)
757 3413 783 3465 p.
797 3397 857 3450 303.

247 3487 269 3556 ¹)
287 3487 394 3540 Mecum
424 3487 562 3540 consentit
589 3482 733 3538 Reischius
760 3485 803 3536 vir
832 3483 1005 3537 doctissimus
1036 3483 1057 3549 (l
1084 3483 1102 3536 l.
1122 3501 1147 3553 p.
1171 3485 1242 3553 ¹¹9l²
1274 3483 1345 3546 „Ilm

176 3577 291 3628 sclwebte
310 3578 348 3627 bei
365 3577 507 3642 Absaeeunp
517 3579 591 3642 jener
610 3573 685 3626 Stella
705 3574 767 3627 well
786 3575 810 3624 in
829 3584 904 3624 erster
916 3574 990 3624 Linie
1008 3592 1059 3636 vor,
1079 3573 1139 3623 dosa
1161 3573 1243 3626 lucau
1253 3573 1347 3641 frir'lrer

176 3670 300 3733 pestorben
319 3666 370 3718 und
388 3665 450 3716 wolrl
468 3666 529 3716 ancl
550 3662 612 3715 dlter
628 3682 735 3730 pewesen
753 3664 790 3714 sei
807 3663 846 3714 als
864 3664 998 3730 Prbperz.“
