2940 4890
177 219 224 311 aa

182 395 332 460 dederat:
364 415 445 477 quae
469 415 510 461 00
539 396 670 462 admisit
698 398 826 479 quidem
858 400 1007 466 divitioro
1038 405 1181 466 amatore
1212 401 1351 466 irretita.

182 503 325 569 Haecine
360 523 552 584 quamquam
588 510 779 587 argumenta
812 511 905 570 crant
939 508 1132 572 carminibus
1162 507 1352 572 Tibullianis

183 609 318 674 decebat
333 610 481 675 Ovidium
505 611 538 675 in
562 612 705 693 epicedio
730 612 903 693 illustrare,
930 613 1049 695 quippe
1073 632 1155 696 quae
1179 613 1249 695 ipse
1273 615 1353 679 satis

182 718 318 797 noverit,
344 719 492 782 noverint
507 718 530 782 ii
554 719 738 800 inquorum
753 738 846 783 usum
861 720 922 784 huc
945 722 1096 803 scripsit?
1131 721 1231 785 Immo
1255 722 1353 785 inter·-

183 822 244 888 luit
266 844 349 906 quae
377 825 540 889 advitam
569 843 694 890 amores
722 827 864 891 carmina
889 826 1007 891 Tibulli
1036 826 1244 908 pertinebant
1272 826 1354 890 dura

183 931 296 1015 lenire,
321 932 438 997 acerba
461 932 597 997 reddere
621 933 736 1014 dulcia,
767 953 805 997 ex
834 933 984 998 suavibus
1013 933 1202 998 suavissima
1231 932 1353 1013 eligere
1394 1018 1396 1020 =

185 1075 224 1083 -
251 1039 454 1104 utbreviter
478 1039 581 1104 dicam
604 1077 647 1085 -
671 1045 832 1104 mortuum
857 1039 1016 1104 Tibullum
1042 1044 1074 1103 et
1097 1040 1259 1104 homiuem
1288 1040 1353 1105 sin—

184 1165 291 1210 cerum
316 1152 349 1210 et
371 1148 500 1226 poetam
524 1145 725 1253 ingepiosum
749 1147 855 1228 specie
880 1147 986 1212 nescio
1016 1165 1079 1227 qua
1103 1146 1208 1211 divini
1226 1165 1353 1212 ornare.

184 1253 222 1316 Iu
256 1271 320 1333 qua
356 1251 572 1332 descriptione
607 1252 686 1317 nihil
716 1257 805 1316 extat
833 1252 905 1332 vile,
935 1253 1016 1318 nihil
1045 1253 1131 1334 quod
1159 1252 1209 1317 vel
1240 1251 1354 1318 Ouidio

185 1358 236 1422 vel
261 1358 386 1422 Tibullo
410 1357 576 1439 iudignum
600 1359 652 1438 sit,
678 1360 774 1424 immo
799 1361 905 1424 omnia
930 1361 1035 1425 Ovidii
1061 1366 1094 1424 et
1121 1364 1224 1425 artem
1252 1360 1355 1440 poeti·

185 1482 254 1529 cam
283 1468 316 1528 et
343 1464 563 1528 vehementem
591 1466 676 1547 quod
704 1466 790 1532 illius
819 1485 854 1530 os
882 1468 973 1548 prius
997 1485 1093 1549 quam
1117 1486 1175 1548 par
1200 1471 1272 1531 erat
1299 1466 1356 1531 ob-

184 1570 339 1635 mutuerit
362 1569 504 1635 dolorem
527 1572 662 1653 spirant.
709 1573 956 1655 Respiciendum
981 1579 1031 1639 est
1054 1573 1153 1654 igitur
1177 1593 1215 1639 ex
1239 1578 1356 1637 natura

185 1677 280 1743 huius
317 1677 467 1743 carminis
503 1698 585 1760 quae
618 1678 694 1744 ficta
722 1686 796 1745 suut
826 1680 1015 1762 explicanda
1047 1699 1127 1759 esse,
1159 1684 1256 1760 atque
1285 1679 1356 1760 ipse

185 1784 224 1849 de
251 1783 302 1848 his
330 1784 430 1849 ruulto
458 1786 671 1868 pluraquam
695 1788 774 1851 satis
803 1792 874 1852 erat
901 1787 1049 1867 disserui,
1079 1787 1165 1869 quod
1191 1786 1246 1868 qui
1274 1785 1355 1850 haec

185 1891 391 1972 interpretati
408 1897 484 1957 sunt
507 1912 577 1957 cnm
601 1898 703 1958 totum
721 1913 848 1958 carmen
866 1912 980 1975 parum
1004 1894 1204 1975 respicerent
1226 1912 1267 1958 00
1291 1893 1356 1958 sin·

186 1997 262 2079 gula
289 1999 418 2079 quidem
449 2019 486 2064 ex
511 2004 661 2065 contextu
685 2001 836 2082 adempta
859 2001 937 2081 quid
961 2000 1022 2065 sibi
1046 2000 1167 2064 vellent
1189 1998 1356 2079 intellege·

185 2104 273 2169 bant.
328 2105 434 2187 Atque
471 2108 638 2190 aptissime
673 2125 756 2187 quae
785 2107 817 2170 in
846 2105 953 2171 fronte
980 2106 1218 2172 dissertationis
1246 2107 1357 2187 posuit

185 2210 278 2293 Leo¹)
315 2212 364 2275 vir
398 2212 646 2280 humanissimus
682 2214 722 2277 ad
758 2213 818 2278 hoc
853 2214 1021 2295 epicedion
1055 2211 1355 2277 accommodaveris.

117 2311 120 2317 ’
186 2318 314 2383 Etenim
348 2319 484 2384 Romani
512 2338 646 2401 quorum
675 2321 708 2382 in
738 2338 831 2384 usum
863 2320 995 2386 Ovidius
1023 2320 1083 2385 hoc
1112 2319 1255 2401 scripsit,
1285 2337 1356 2383 cum

186 2445 250 2490 non
273 2427 461 2507 ignorarent
475 2426 602 2491 Deliam
623 2432 656 2491 00
677 2427 838 2492 Nemesim
862 2446 881 2490 a
905 2427 1030 2492 Tibullo
1056 2425 1249 2491 carminibus
1274 2426 1357 2491 cele·

185 2533 296 2598 bratas
325 2551 395 2598 esse
420 2537 453 2596 et
475 2553 538 2615 quo
562 2534 669 2615 modo,
695 2552 758 2615 qua
781 2533 906 2598 ratione
931 2532 1062 2597 Ovidius
1087 2532 1166 2598 illud
1193 2538 1356 2598 certamen

187 2640 381 2705 carminibus
410 2641 600 2707 Tibullianis
630 2660 668 2705 ex
696 2646 789 2721 parte
816 2658 1000 2722 repugnans
1030 2639 1256 2720 descripsisset
1283 2659 1357 2720 per-

187 2746 376 2827 spiciebant.
425 2749 485 2826 Qui
502 2748 530 2813 si
546 2765 609 2813 000
634 2749 741 2830 potuit
765 2764 891 2812 sumere
916 2765 969 2811 eos
993 2746 1048 2826 qui
1071 2745 1132 2809 hoc
1155 2746 1301 2826 legerent
1325 2750 1359 2810 et

187 2853 302 2917 Deliae
331 2858 364 2918 et
392 2855 566 2920 Nemeseos
596 2856 646 2938 (cx
673 2854 766 2918 libris
790 2834 894 2935 primo
923 2858 956 2917 00
979 2852 1118 2917 secundo
1143 2853 1207 2916 iam
1230 2852 1359 2932 pervul·
1395 2854 1398 2859 '

188 2960 284 3040 gatis)
309 2961 457 3025 notitiam
482 2962 611 3038 habere,
634 2960 714 3025 haec
738 2979 810 3025 eum
830 2978 895 3024 uon
920 2961 1115 3041 scripturum
1139 2958 1238 3023 luisse
1261 2962 1295 3022 et
1318 2977 1359 3022 00

187 3067 336 3147 potuisse
357 3067 485 3149 quidem
509 3069 651 3134 scribere
674 3085 863 3148 persuasum
887 3066 1000 3131 babeo.

276 3173 319 3238 At
342 3175 538 3240 recentiores
563 3192 634 3239 cum
657 3194 705 3239 vv.
724 3175 776 3240 31.
795 3175 836 3237 32
861 3192 923 3239 uon
947 3178 1036 3238 recte
1059 3171 1296 3237 intellexissent
1318 3189 1357 3235 ex

188 3299 236 3345 vu.
263 3282 314 3345 57.
333 3284 374 3346 58
399 3283 612 3364 colligendum
637 3281 796 3363 putabant
823 3280 984 3344 Nemesim
1018 3282 1227 3343 extremum
1259 3277 1359 3342 luisse

189 3388 306 3453 Tibulli
333 3407 489 3470 amorem3
518 3389 601 3453 hunc
626 3394 733 3452 autem
758 3405 898 3451 amorem
922 3405 962 3449 ne
986 3384 1112 3448 linitum
1136 3384 1264 3465 quidem
1288 3401 1360 3448 esse

189 3500 222 3559 00
245 3495 361 3559 librum
386 3498 559 3561 secundum
585 3501 619 3559 00
643 3493 865 3577 imperfectum
890 3511 929 3557 ex
952 3491 1078 3556 schedis
1103 3490 1294 3555 Tibullianis
1319 3490 1359 3555 ab

188 3603 312 3667 editore
345 3603 482 3684 quodam
507 3603 540 3666 in
564 3603 666 3668 lucem
691 3603 843 3666 emissum
867 3618 946 3666 esse.
999 3599 1041 3663 Et
1064 3616 1257 3680 quamquam
1280 3595 1361 3661 haee

189 3711 296 3791 opinio
319 3711 399 3790 ipsis
416 3710 561 3775 versibus
583 3712 635 3774 31.
655 3711 696 3773 32
722 3710 760 3774 de
785 3708 901 3790 quibus
925 3725 1024 3788 supra
1047 3704 1255 3770 disseruimus
1279 3704 1360 3768 satis

261 3887 283 3954 ¹)
302 3889 370 3951 „Die
388 3887 521 3938 romiscbeu
540 3887 658 3952 Elcpiker
676 3888 754 3938 baben
773 3896 831 3936 stete
849 3886 926 3935 Leser
943 3884 1038 3947 petulat,
1063 3882 1104 3933 dte
1128 3881 1174 3932 den
1193 3880 1298 3931 Dichter
1322 3879 1361 3929 als

189 3977 293 4027 Dichter
311 3979 388 4042 lasea,
407 3976 485 4026 seiner
503 3976 587 4041 eipnen
613 3975 691 4027 Weise
715 3976 864 4041 rracbpr'upen
890 3976 940 4026 arud
964 3973 1002 4022 bei
1021 3970 1197 4035 Beurtbeilunp
1221 3987 1266 4018 oon
1291 3967 1362 4018 Plan

190 4067 241 4116 arud
264 4067 474 4132 Zasommendanp
499 4065 545 4116 den
571 4064 707 4115 Charakter
728 4064 772 4113 der
791 4063 969 4127 Dicbtpattunp
993 4061 1017 4110 in
1042 4060 1163 4109 Betraclrt
1186 4075 1275 4125 zopea5
1302 4058 1362 4107 aber

191 4156 242 4207 idre
261 4157 384 4223 Exupeten
402 4157 461 4209 sind
479 4156 554 4209 saltem
572 4154 652 4205 solede
670 4154 746 4204 Leser
762 4157 895 4220 pewesen.“
914 4149 1044 4220 l.l.p.1.
