2940 4890
786 168 808 197 l

147 203 189 266 80

235 379 284 442 De
299 379 349 443 his
374 379 425 444 vix
443 378 622 461 quisquam,
647 378 710 442 nisi
734 378 790 444 illa
807 379 959 460 opinione
977 381 1100 461 ductus,
1126 382 1223 448 aliter
1248 402 1320 450 sen-

146 486 240 567 serit,
280 491 378 566 atque
416 485 487 550 luce
528 489 578 549 est
617 484 734 549 clarius
773 485 912 550 Birtium
948 487 1107 553 erravisse
1142 489 1320 556 Batracho-

145 592 377 676 myomachiam
407 597 440 657 et
471 589 613 657 Culicem
642 592 797 673 opuscula
824 593 1040 660 minutissima
1071 595 1180 677 diviti,
1217 601 1255 662 ut
1287 599 1321 663 in

145 718 268 782 papyro
304 700 443 780 scripta,
480 698 690 778 tribuentem,
726 700 859 765 Homeri
894 701 1029 767 Iliadem
1064 707 1097 767 et
1132 701 1319 786 Odysseam,

145 806 280 888 Vergilii
297 805 474 871 Aeneidem
494 823 593 886 opera
616 805 746 870 heroica
762 808 908 888 pauperi.
948 807 1011 874 Sed
1035 808 1074 872 de
1093 807 1240 873 distichis
1265 828 1320 875 sex

146 931 229 993 quae
250 916 429 993 sequuntur
459 911 663 996 (rev—192)
687 911 750 976 iam
775 914 991 994 dubitaveris;
1017 920 1050 980 et
1070 915 1320 996 suspicabantur

146 1020 193 1084 ita
216 1024 254 1084 ut
275 1017 454 1101 significavi
472 1018 575 1082 critici
592 1017 716 1098 aliquot
735 1020 901 1100 excidisse,
920 1021 1070 1087 videlicet
1095 1040 1165 1086 cum
1183 1021 1319 1104 cogitari

146 1145 210 1190 non
227 1130 337 1206 posset
353 1124 546 1203 Martialem,
572 1124 626 1204 qui
646 1126 728 1190 bene
745 1126 872 1192 initium
889 1129 1027 1210 cepisset
1047 1128 1090 1206 id,
1117 1133 1152 1192 ut
1169 1129 1318 1194 binorum

144 1238 313 1315 poetarum
331 1231 537 1314 (praesertim
553 1229 763 1296 finitimorum
781 1233 912 1298 Homeri
937 1239 969 1298 et
985 1233 1122 1316 Vergilii
1141 1235 1318 1320 epicorum)

147 1358 246 1421 opera
269 1339 345 1404 bina
369 1342 581 1419 compararet,
606 1341 674 1401 tum
691 1340 866 1420 scriptores
891 1341 1019 1422 ingenio
1045 1345 1077 1406 et
1101 1360 1218 1422 genere
1242 1343 1319 1408 scri-

145 1446 243 1512 bendi
259 1445 494 1511 diversissimos
511 1444 722 1509 Menandrum
740 1445 936 1527 Ciceronem,
962 1447 1166 1529 Propertium
1183 1447 1318 1529 Livium,

147 1552 336 1618 Sallustium
352 1551 499 1617 Ovidium
524 1549 583 1614 tali
608 1551 720 1615 ordine
744 1553 829 1618 inter
853 1571 888 1618 se
913 1572 1126 1635 comparasse.
1168 1554 1232 1621 Sed
1256 1555 1320 1620 iam

147 1660 223 1739 dixi,
254 1678 324 1724 cum
354 1658 388 1723 in
411 1657 545 1738 reliquis
568 1656 664 1721 huius
693 1657 767 1723 libri
792 1659 939 1740 partibus
964 1660 1060 1741 talia,
1091 1663 1154 1726 nisi
1179 1662 1249 1744 quis
1279 1662 1320 1726 ad

146 1766 292 1831 ultimam
327 1764 416 1828 illam
451 1764 610 1829 rationem
645 1764 802 1831 lubricam
837 1766 969 1832 lacunas
999 1769 1164 1835 statuendi
1192 1787 1320 1850 semper

146 1873 293 1953 recurrit,
318 1891 383 1936 non
406 1889 480 1936 raro
505 1869 687 1951 obveniant,
711 1872 743 1935 in
768 1873 808 1937 iis
832 1893 896 1939 non
921 1880 1008 1941 recte
1031 1875 1196 1941 haesitari.
1234 1876 1319 1941 Sane

147 1979 382 2045 concedendum
408 1983 458 2042 est
481 1978 584 2058 primo
609 1978 723 2043 obtutu
739 1979 940 2062 inopinatum
963 1981 1040 2047 illuc
1056 1982 1211 2063 accidere,
1234 1983 1318 2064 quod

148 2086 174 2150 si
204 2086 347 2151 codicum
379 2083 522 2148 ordinem
552 2102 715 2150 servamus
740 2087 917 2154 Menandro
942 2088 1068 2169 Cicero,
1102 2088 1211 2155 Livius
1239 2089 1318 2153 Pro-

147 2193 267 2274 pertio,
300 2191 412 2256 Ovidio
437 2189 609 2255 Sallustius
639 2198 854 2275 opponuntur,
885 2199 918 2259 et
941 2193 1036 2262 facile
1061 2199 1111 2261 est
1135 2195 1175 2259 ad
1198 2193 1318 2260 intelli·

147 2300 285 2380 gendum
308 2315 390 2379 quae
413 2296 556 2361 rationes
580 2299 740 2364 moverint
763 2300 1058 2383 Friedlaenderum,
1082 2305 1120 2366 ut
1143 2300 1317 2382 scriptores

145 2424 264 2488 genere
299 2403 459 2472 scribendi
489 2403 609 2468 similes
641 2424 660 2469 a
690 2407 840 2472 Martiale
870 2408 1036 2489 oppositos
1075 2425 1146 2472 esse
1181 2407 1319 2472 sentiret
1353 2390 1355 2393 ’

146 2512 272 2579 Livium
300 2516 452 2584 Sallustio
488 2536 595 2582 rerum
629 2515 818 2595 scriptores,
856 2515 981 2580 Tibullo
1010 2513 1158 2580 Ovidium
1192 2518 1317 2595 poetas.

146 2620 189 2685 Et
213 2623 352 2688 concedo
377 2621 448 2690 fieri
472 2624 626 2706 potuisse,
651 2626 689 2687 ut
711 2619 864 2687 librarius
879 2639 950 2687 cum
974 2621 1104 2701 saepius
1127 2620 1161 2685 in
1184 2620 1318 2686 lemma-

147 2727 233 2793 tibus
268 2728 394 2811 legeret
428 2732 555 2798 adiecta
583 2731 664 2794 haee
698 2730 751 2803 ‚da
780 2729 990 2793 membranir“
1028 2728 1127 2794 oculis
1164 2727 1318 2807 deceptus

146 2853 245 2898 unum
268 2835 319 2901 vel
343 2838 438 2918 plura
461 2838 640 2913 omitteret3
670 2835 727 2900 sed
750 2835 949 2899 miserrimus
972 2834 1025 2899 hic
1048 2834 1112 2898 iam
1135 2832 1197 2898 fuit
1219 2832 1318 2898 libra·

147 2940 225 3021 rius,
251 2942 306 3022 qui
340 2943 576 3024 epigrammata
606 2942 781 3006 183-196
817 2941 927 3007 orbem
962 2959 1055 3007 suum
1091 2938 1218 3006 efficere
1254 2959 1318 3004 non

145 3046 298 3129 ignorans
323 3053 356 3113 et
379 3049 531 3130 pauperis
556 3049 638 3114 dono
664 3047 773 3113 divitis
797 3066 924 3129 semper
940 3047 1146 3129 respondere,
1164 3066 1203 3112 ex
1226 3050 1318 3126 quat-

146 3154 323 3220 tuordecim
353 3160 507 3237 quattuor
535 3156 663 3222 silentio
692 3153 936 3237 praeteriretl¹)
988 3153 1100 3236 Neque
1134 3159 1243 3218 tamen
1269 3170 1316 3232 ea,

146 3279 242 3341 quam
258 3263 428 3344 proposuit
444 3263 723 3343 Friedlaenderus,
749 3262 875 3328 ratione
891 3262 977 3328 omni
1001 3281 1040 3327 ex
1062 3265 1158 3342 parte
1174 3260 1318 3326 eiusdem

146 3369 273 3451 generis
297 3370 473 3452 scriptores
498 3371 652 3449 evadunt,
683 3387 753 3435 cum
778 3367 1094 3450 Metamorphosibus
1119 3367 1225 3433 Ovidii
1249 3385 1318 3431 car·
1348 3349 1354 3359 ⁵

218 3597 241 3667 1)
258 3597 355 3668 Neque
374 3613 438 3651 vero
458 3596 673 3651 obliviscendum
692 3600 742 3664 est,
760 3596 803 3650 his
822 3596 1040 3668 quattuordecim
1058 3595 1233 3666 apophoretis
1245 3594 1317 3647 Mar-

144 3687 219 3741 tialis
238 3686 452 3755 ingeniosissimi
472 3688 500 3739 et
518 3685 678 3740 facetissimi
692 3686 834 3756 scriptoris
853 3686 886 3741 de
905 3685 1073 3752 clarissimis,
1086 3684 1209 3755 quiante
1227 3681 1318 3751 ipsum

145 3775 265 3842 fuerunt,
290 3778 318 3829 et
343 3768 503 3829 Graecis'et
526 3775 656 3828 Romanis
680 3775 858 3844 scriptoribus
881 3775 993 3839 iudicia,
1015 3777 1072 3828 tam
1094 3772 1213 3826 breviter
1237 3786 1318 3841 quam

145 3866 224 3918 acute
244 3864 327 3931 dicta,
346 3863 491 3918 contineri.
529 3862 603 3927 Quae
623 3863 733 3932 quidem
755 3863 917 3917 monachum
940 3881 1001 3917 cum
1024 3860 1200 3927 describeret,
1224 3875 1318 3928 quam-

146 3968 225 4022 quam
245 3953 273 4006 in
292 3952 406 4023 reliquis
424 3948 492 4005 libri
509 3952 643 4022 partibus,
663 3953 710 4007 sed
729 3969 783 4006 non
802 3951 987 4022 ecquomodo
1011 3951 1148 4020 gravibus,
1172 3965 1227 4002 non
1250 3947 1318 4000 satis

145 4044 281 4096 attentum
309 4057 338 4096 se
365 4042 501 4111 praebuit,
525 4041 592 4095 adeo
623 4057 677 4095 non
707 4041 859 4110 respexisse
889 4047 921 4094 ut
950 4041 1002 4095 viri
1032 4041 1106 4095 docti
1136 4039 1320 4110 opinabantur

145 4145 309 4198 negaveram.
