2940 4890
430 1174 962 1276 Praemittitur

112 1361 454 1467 quaestiuncula
473 1362 527 1446 de
546 1361 749 1446 versibus
769 1361 1038 1465 quibusdam
1053 1362 1282 1448 ovidianis

203 1487 283 1590 qui
310 1488 513 1590 spectant
540 1487 597 1570 ad
625 1487 738 1572 libri
766 1487 906 1591 primi
934 1487 1191 1573 editionem.

199 1755 386 1836 Elegiarum
419 1753 537 1818 librum
567 1755 705 1836 primum
735 1754 775 1819 ab
804 1754 874 1835 ipso
906 1753 1031 1819 Tibullo
1061 1755 1182 1821 editum
1211 1775 1283 1822 esse

111 1862 290 1927 rectissime
307 1861 367 1924 viri
383 1860 469 1925 docti
486 1861 630 1942 credunt,
647 1879 839 1943 quamquam
853 1860 1049 1926 disserentes
1062 1880 1125 1944 quo
1137 1867 1283 1944 tempore

112 1973 145 2034 et
173 1967 331 2050 quomodo
362 1966 467 2031 editus
496 1967 540 2032 sit
570 1967 603 2031 in
633 1967 740 2031 varias
769 1972 881 2048 partes
911 1967 1138 2033 discesserunt.
1193 1969 1284 2047 Quod

111 2076 227 2138 mirum
254 2092 318 2138 non
347 2077 405 2148 est
440 2091 511 2138 cum
543 2073 575 2136 in
607 2073 686 2154 ipsis
720 2072 833 2154 elegiis
865 2091 1028 2154 perpauca
1059 2075 1210 2156 legantur
1245 2095 1284 2141 ex

112 2181 226 2263 quibus
258 2186 346 2245 certa
377 2185 525 2261 tempora
558 2197 662 2245 eruas.
722 2180 842 2246 Extant
875 2184 983 2245 autern
1014 2181 1172 2246 eiusmodi
1208 2182 1282 2246 diro.

111 2287 255 2368 Elegiam
272 2288 357 2352 enim
373 2287 504 2351 tertiam
523 2291 621 2367 poeta
637 2287 816 2367 composuit
834 2306 904 2352 cum
921 2287 1107 2353 Messallam
1123 2289 1156 2353 in
1173 2289 1283 2353 Asiam

55 2407 57 2410 ·
111 2399 280 2460 secuturus
313 2395 403 2475 gravi
435 2393 546 2459 morbo
573 2392 750 2473 implicitus
779 2392 937 2476 Corcyrae
965 2400 1162 2477 remaneret,
1197 2396 1284 2476 quod

110 2500 230 2565 factum
266 2506 316 2566 est
347 2521 411 2566 uno
447 2518 530 2565 anno
565 2505 641 2581 post
675 2519 816 2582 pugnam
846 2502 1010 2566 Actiacam
1047 2520 1116 2567 cum
1152 2502 1283 2567 interim

10 2687 12 2691 ‚
112 2607 265 2672 Messalla
299 2608 388 2673 brevi
418 2608 612 2690 Aquitanos,
648 2626 764 2690 nempe
799 2609 891 2674 annis
922 2605 1043 2695 723J31
1078 2614 1214 2675 exeunte
1250 2614 1283 2674 et

76 2740 81 2752 ·
113 2711 236 2799 724l30
259 2715 400 2795 ineunte,
426 2715 606 2781 devicisset.
654 2716 767 2780 Altera
790 2717 945 2798 temporis
969 2715 1115 2782 definitio
1140 2716 1227 2781 cadit
1249 2717 1282 2781 in

112 2822 248 2902 elegiam
277 2822 461 2904 septimam:
492 2821 568 2887 fasti
589 2823 682 2887 'enim
711 2820 887 2905 Capitolini
916 2823 1068 2889 exhibent
1096 2823 1281 2889 Messallam

112 2947 140 2992 a.
167 2929 196 2993 d.
221 2925 460 2993 vitealba.
485 2947 514 2993 a.
530 2925 652 3013 dailai
678 2947 717 2993 ex
741 2929 915 3011 Aquitania
938 2929 1166 3010 triumphasse,
1192 2929 1281 2993 cuius

111 3035 264 3116 triumphi
281 3034 318 3099 fit
334 3036 454 3100 mentio
470 3035 504 3099 in
520 3034 580 3100 hoc
596 3037 736 3101 carmine
753 3037 839 3118 quod
850 3037 1022 3103 Messallae
1038 3036 1122 3101 diem
1140 3037 1282 3100 natalem

112 3162 206 3226 quem
230 3142 326 3223 paulo
349 3146 425 3223 post
448 3143 515 3225 egit
539 3142 689 3208 celebrat.

199 3251 268 3315 lam
291 3249 468 3332 quaeritur,
492 3268 569 3314 num
593 3267 676 3331 quae
699 3249 784 3314 inter
808 3253 879 3314 octo
904 3269 943 3314 ea
959 3268 1041 3332 quae
1057 3249 1282 3331 relinquuntur

112 3359 253 3425 carmina
270 3394 311 3405 —
329 3376 400 3423 cum
423 3357 495 3440 ipsa
518 3375 577 3438 per
600 3375 635 3422 se
659 3373 754 3421 ansas
777 3356 955 3438 praebeant
970 3356 1077 3421 nullas
1094 3393 1135 3402 -
1153 3359 1187 3421 et
1203 3356 1282 3420 haec

112 3468 173 3532 duo
197 3466 400 3530 intercedant
415 3464 569 3545 rationes,
594 3469 631 3529 ut
654 3465 681 3528 si
705 3483 769 3528 non
794 3463 992 3545 singulorum
1009 3463 1185 3529 carminum
1201 3468 1282 3528 tem-

111 3591 191 3654 pora
219 3577 306 3638 certe
335 3570 469 3637 definire
497 3572 641 3637 ordinem
665 3575 774 3635 tamen
798 3571 1011 3652 probabiliter
1034 3590 1147 3637 eruere
1171 3572 1282 3653 itaque

112 3679 188 3760 quid
222 3682 400 3744 extremum
433 3677 476 3743 sit
509 3677 696 3759 colligentes
726 3696 787 3759 quo
817 3681 962 3759 tempore
990 3677 1073 3743 liber
1102 3678 1209 3742 editus
1239 3677 1281 3741 sit

13 3800 16 3807 ·
111 3785 323 3866 probabiliter
351 3789 494 3850 statuere
523 3783 692 3864 possimus.
745 3782 846 3860 Quam
874 3784 1096 3865 quaestionem
1124 3782 1281 3849 lubricam

113 3910 184 3957 esse
205 3911 298 3958 nemo
322 3893 461 3974 ignorat.
500 3892 543 3956 Et
565 3891 645 3955 haec
661 3906 714 3954 res
730 3888 919 3971 saepissime
936 3907 955 3954 a
972 3890 1092 3955 criticis
1108 3889 1246 3956 Disseno
1255 3886 1280 3972 ¹)

182 4122 526 4197 MlLLpXWMQ.
