2940 4890
1195 215 1276 278 ·21

192 395 251 460 Η15
286 398 395 459 autem
431 395 587 475 expositis
619 399 711 475 patet
743 393 882 474 criticos,
914 391 1149 457 Baehrensium
1181 393 1277 474 plane

105 508 222 587 magna
246 521 284 566 ex
307 506 401 583 parte
426 501 633 583 Schultzium,
667 520 705 566 ea
736 519 863 583 quoque
894 501 933 565 de
962 518 1060 567 causa
1087 500 1120 564 11
1151 518 1277 565 6111165

106 613 261 677 deductos
286 609 465 691 essequod
489 609 684 675 sententiam
713 620 740 672 cr
769 609 834 671 iam
863 620 890 673 te
914 609 1062 694 principe
1091 619 1180 671 notro
1211 619 1277 672 croc

106 719 147 783 ad
184 719 364 798 Augustum
398 715 577 798 principem
617 719 776 780 senatus
815 713 931 778 referri
965 714 1077 796 utique
1112 712 1275 780 volebant.

106 825 195 902 Quml
213 825 240 888 si
256 823 568 904 interpretabantur:
600 822 739 886 Tibullus
749 822 940 907 priusquam
954 821 1114 906 Augustus
1129 823 1277 906 prinecps

105 943 237 1011 serratus,
263 932 282 995 i.
302 949 329 996 e.
349 949 376 994 a.
398 928 532 1014 726128,
547 931 642 1016 secret
665 930 730 992 ium
753 941 843 993 notus
867 941 934 994 crat
957 928 1064 994 fecere
1092 948 1156 994 non
1185 934 1277 1010 pote·

105 1043 180 1104 rant
214 1038 291 1119 quin
326 1037 367 1101 de
395 1041 479 1102 toto
510 1036 604 1117 libro,
642 1055 736 1119 quem
771 1041 845 1118 post
880 1042 1068 1102 autumnum
1098 1055 1127 1102 a.
1153 1033 1275 1122 727127

107 1139 227 1210 editum
251 1163 408 1210 6556161
432 1142 636 1226 ignorabant,
662 1142 848 1208 dubitantes
866 1145 906 1208 ed
930 1144 1086 1225 singula
1110 1143 1279 1208 carmina

107 1271 252 1317 seorsum
276 1251 364 1319 edita
387 1255 581 1332 spectarent.
623 1250 686 1315 Sed
710 1269 780 1315 cum
805 1251 970 1316 docuerim
993 1263 1082 1314 aoros
1106 1249 1278 1315 11111116

106 1359 410 1440 interpretationem
434 1376 496 1423 non
513 1355 609 1438 ferre,
635 1356 756 1422 clarum
773 1355 810 1422 fit
826 1362 1007 1439 temporum
1024 1357 1151 1422 ratione
1166 1357 1278 1421 habita

107 1467 146 1531 de
170 1471 329 1530 senatus
354 1464 499 1545 principe
516 1464 653 1544 cogitari
677 1483 741 1530 non
756 1483 862 1546 posse.
903 1465 980 1530 Loci
997 1469 1105 1529 autem
1122 1469 1277 1544 tenorem,

107 1577 142 1637 ut
155 1572 320 1654 attigimus
336 1591 368 1653 p.
386 1574 436 1653 12,
455 1571 632 1637 videbimus
649 1573 826 1655 principem
848 1571 916 1635 κατ’
933 1572 1049 1655 ἐξοχὴν
1066 1573 1086 1636 i.
1101 1591 1126 1638 6.
1141 1572 1279 1652 impera-

110 1686 212 1746 torem
246 1678 404 1760 flegitare.
464 1679 528 1744 Sed
564 1680 722 1760 quomodo
747 1678 954 1744 difficultates
983 1679 1121 1760 inques
1151 1677 1278 1744 etiamsi

106 1788 204 1853 hunc
228 1787 444 1868 principatum
465 1787 486 1850 i.
505 1805 532 1851 e.
549 1805 578 1851 a.
597 1783 719 1870 727127
738 1786 912 1869 probamus
933 1786 1075 1850 incidere
1091 1784 1278 1851 videbamur

109 1895 147 1979 15.
164 1914 195 1976 p.
216 1895 269 1975 12)
294 1894 527 1959 dissolvamus?

195 2001 353 2083 Equidem
377 2002 416 2066 de
440 2000 501 2065 hac
524 2019 559 2065 re
583 2001 631 2066 ita
647 2001 765 2065 sentio:
797 1999 912 2083 Ovidii,
939 2019 1009 2065 eum
1025 1999 1105 2065 haee
1122 1999 1279 2065 scriberet

108 2110 243 2190 Augusti
261 2109 401 2173 animum
425 2109 642 2191 mitigaturus,
667 2126 731 2172 non
754 2107 788 2171 id
811 2106 969 2171 intererat
992 2110 1029 2172 ut
1052 2126 1114 2189 quo
1132 2112 1278 2188 tempore

108 2215 225 2280 Tibulli
247 2215 331 2297 liber
354 2208 476 2297 primus
501 2217 607 2281 editus
632 2219 718 2282 esset
742 2214 851 2294 itaque
867 2213 1062 2278 innotuisset
1079 2215 1120 2279 ad
1138 2232 1278 2278 mensem

109 2327 142 2387 et
176 2323 261 2388 diem
297 2327 446 2387 accurate
474 2322 634 2389 definiret.
682 2322 724 2387 Et
755 2321 960 2401 interpretes,
990 2321 1052 2385 nisi
1082 2338 1196 2386 sensus
1227 2340 1278 2384 me

109 2429 203 2510 fallit,
228 2430 300 2511 plus
317 2447 420 2512 aequo
445 2431 477 2494 11
502 2431 626 2495 duobus
649 2428 700 2493 his
724 2427 872 2494 versibus
888 2428 1061 2493 haerentes
1078 2428 1185 2511 (quasi
1203 2427 1278 2493 Ovi·

109 2536 181 2602 dius
216 2537 262 2600 nil
296 2537 357 2601 1151
393 2536 509 2601 Tibulli
544 2536 702 2600 librorum
732 2540 880 2616 tempora
913 2535 1074 2615 respicere
1108 2534 1277 2617 voluisset)

110 2643 224 2724 quibus
249 2643 288 2707 de
313 2643 418 2707 causis
436 2643 567 2708 Ovidius
592 2642 739 2707 1111111
764 2643 960 2706 56116111111
985 2659 1068 2722 quae
1092 2646 1220 2720 spectat
1235 2642 1276 2706 ad

110 2748 227 2814 Tibulli
263 2751 406 2815 carmina
439 2750 486 2815 ita
521 2749 692 2815 formatam
728 2750 842 2814 (116115
874 2753 960 2813 65561
992 2765 1148 2828 quaerere
1181 2747 1278 2828 plane

108 2855 330 2937 neglexerunt.
368 2857 438 2921 Hoc
459 2862 567 2922 autem
583 2857 720 2938 primum
745 2856 919 2921 tenendum
943 2860 993 2920 est
1017 2874 1055 2919 61
1079 2873 1278 2936 66116111-

108 2960 324 3043 ficiscendum,
356 2964 476 3027 etenim
500 2963 528 3027 si
552 2963 705 3029 1111161
729 2981 884 3028 summam
905 2966 993 3029 recte
1018 2962 1276 3043 perspexerimus

108 3068 172 3132 iam
195 3069 323 3151 singula
347 3088 410 3151 qua
433 3070 560 3134 ratione
584 3070 691 3150 posita
716 3070 781 3135 sint
796 3068 921 3134 facilius
938 3068 1166 3151 intelligemus.
1208 3068 1276 3132 Iam

88 3165 245 3256 'primum
269 3175 356 3240 haud
379 3177 550 3258 ignorabat
567 3176 699 3242 Ovidius
724 3196 751 3240 a.
771 3174 892 3261 727127
918 3177 1049 3240 ineunte
1067 3174 1277 3240 Octavianum

107 3282 235 3346 nomine
251 3283 389 3364 Augusti
413 3286 561 3347 vocatum
586 3301 656 3348 esse
681 3284 791 3365 itaque
815 3302 939 3348 summa
955 3301 1089 3347 munera
1105 3283 1124 3347 i.
1145 3300 1162 3345 e
1189 3283 1275 3363 prin·

108 3389 250 3470 cipetum
274 3397 341 3450 κατ’
364 3387 480 3473 ἐξοχὴν
504 3395 538 3454 61
562 3407 770 3472 quaecunque
795 3390 941 3455 adhaec
966 3389 1159 3471 dignitatem
1175 3390 1276 3470 perti-

107 3494 228 3561 nebant
250 3500 432 3577 potestates
448 3497 565 3562 adisse.
601 3497 695 3562 Haud
713 3498 885 3579 ignorabat
901 3502 969 3562 tum
987 3496 1148 3562 Tibullum
1165 3498 1277 3562 eodem

106 3620 190 3668 anno
220 3605 428 3685 (quamquam
451 3622 566 3668 novem
594 3603 661 3668 lere
691 3605 854 3671 mensibus
878 3605 966 3685 post)
991 3604 1108 3668 librum
1137 3605 1275 3685 primum

107 3706 257 3774 edidisse.
305 3710 419 3791 ltaque
443 3709 546 3790 ipsius
571 3710 720 3792 illiusque
744 3716 848 3776 sortes
873 3711 1019 3776 diversas
1044 3729 1082 3776 ee
1106 3711 1276 3792 11111111-

106 3833 177 3880 mus
201 3835 299 3897 supra
316 3819 443 3882 ratione
465 3817 511 3900 (p.
532 3817 587 3900 10)
607 3823 644 3881 11
665 3821 868 3898 compararet
890 3817 940 3881 vel
961 3824 1149 3899 opponeret,
1169 3834 1276 3881 recor-

106 3920 201 3987 datus
218 3924 408 4004 Augustum,
427 3943 498 3990 cum
520 3924 628 3990 laesus
654 3930 750 4006 essct,
772 3924 926 4006 principis
947 3928 1111 4006 potestate
1134 3924 1276 4004 graviter

104 4047 196 4093 usum
227 4048 297 4095 esse
326 4032 359 4095 11
391 4033 527 4113 ipsum,
560 4032 594 4096 11
623 4030 732 4095 illum
755 4050 819 4096 non
848 4031 941 4095 modo
970 4031 1074 4096 lenius
1099 4031 1156 4094 sed
1179 4029 1276 4094 bene-

105 4136 323 4203 volentissime
352 4158 386 4204 se
415 4140 565 4221 gessisse,
594 4145 739 4204 movetur
767 4157 804 4204 eo
832 4139 917 4218 quod
945 4137 1068 4203 sciebat
1095 4137 1276 4219 Augustum
