2940 4890
1283 233 1324 297 53

153 410 289 493 possint.
337 409 373 475 Id
392 427 518 491 quoque
542 408 620 473 mibi
645 410 767 491 placuit
791 410 876 491 quod
900 428 938 474 ea
962 427 1026 491 qua
1049 409 1105 473 alii
1129 411 1236 490 specie
1259 429 1325 475 non

153 518 200 582 ita
232 517 387 598 deceptus
416 520 478 595 est,
519 521 556 580 ut
582 516 764 596 opinionem
795 517 890 580 istam
922 517 961 580 de
991 515 1121 580 Nemesi
1149 521 1324 581 extremo

153 643 262 689 amore
278 623 402 688 adrem
427 622 549 704 aliquid
568 623 676 690 valere
701 619 857 691 crederet.
905 624 1024 688 Tamen
1047 623 1109 702 hic,
1135 642 1205 688 cum
1228 624 1324 690 aliter

153 736 251 812 atque
276 730 323 794 illi
359 750 397 794 ex
431 731 608 796 rationibus
637 732 678 797 ad
706 751 806 814 genus
836 730 962 796 dicendi
986 729 1218 811 spectantibus,
1244 749 1324 812 quas

153 838 354 902 intercedere
384 837 547 902 existimat
574 839 659 903 inter
687 839 771 903 hunc
800 839 921 921 cyclum
950 842 983 903 et
1011 837 1179 918 primum
1206 835 1324 902 librum

152 944 327 1010 artioribus
356 963 451 1026 quarn
475 945 560 1010 inter
588 945 709 1027 cyclum
734 951 767 1010 et
790 946 906 1011 librum
934 943 1160 1024 secundum,
1192 941 1324 1023 colligat

150 1051 235 1116 bunc
252 1056 432 1132 temporum
453 1052 579 1117 ratione
603 1050 715 1116 habita
738 1052 770 1116 in
795 1053 900 1118 medio
924 1052 1106 1133 ponendum
1130 1067 1210 1129 esse,
1236 1066 1324 1114 erra·

154 1158 239 1222 visse
263 1157 341 1222 mihi
365 1158 502 1224 ridetur.
550 1159 628 1223 Rern
654 1163 761 1223 autem
787 1159 833 1223 ita
858 1159 1040 1241 complexus
1065 1162 1115 1222 est
1139 1157 1173 1237 (l.
1192 1156 1212 1221 l.
1235 1177 1266 1238 p.
1281 1159 1321 1221 89

151 1264 233 1349 sq.):
281 1315 299 1344 „
315 1265 378 1327 Wir
386 1267 511 1350 funden
524 1267 604 1330 diere
617 1278 693 1329 arete
706 1263 833 1352 Gruppe
851 1266 919 1350 (IV,
935 1268 953 1329 2
974 1303 992 1309 --
1002 1268 1035 1347 7)
1054 1265 1110 1328 dar
1120 1260 1322 1348 Sulpiciaele·

152 1372 240 1456 picea
262 1372 297 1434 in
322 1372 406 1435 einer
422 1373 516 1436 Reate
539 1395 598 1436 oon
622 1373 860 1452 bezeichnendan
884 1373 1139 1456 Erocbeo'nunpen
1163 1373 1222 1435 den
1246 1371 1322 1434 Ele-

147 1479 235 1563 piecn
264 1480 316 1542 dea
351 1490 449 1542 ersten
483 1479 581 1543 tibull.
612 1481 734 1545 Bucbea
767 1481 846 1560 o'ftcr
869 1482 1031 1544 beoondero
1054 1478 1257 1543 rrcbeotebend
1279 1479 1323 1540 im

149 1585 564 1671 Sprucbpcbraucbeoowobl
587 1588 634 1650 ola
657 1588 691 1650 in
714 1589 773 1651 den
794 1588 1015 1673 peyerroeitc'yan
1038 1584 1233 1669 Anklcinpen,
1259 1608 1321 1647 wo-

151 1694 198 1757 bei
223 1694 348 1777 petuisse
371 1693 540 1758 tibulliscbe
564 1695 894 1779 Lieblt'npopabrciucba
917 1696 950 1756 in
974 1696 1030 1758 der
1052 1694 1220 1766 schoerten,
1246 1716 1321 1755 man

150 1801 265 1864 moabie
288 1799 368 1863 wohl
390 1824 491 1885 cayeu,
518 1803 577 1864 dan
600 1801 860 1886 diesbeziiplo'cben
883 1801 1070 1885 Holuepunlct
1093 1799 1319 1872 habundantiam,

149 1929 210 1969 aur
238 1907 415 1970 mancbrnal
448 1908 482 1970 t'n
517 1908 739 1972 Einzelzalrlen
774 1909 850 1971 noch
885 1919 977 1971 etwas
1006 1907 1092 1970 mehr
1115 1907 1321 1992 urpfallcnden

160 2012 263 2093 Weioa
288 2016 344 2078 wie
367 2014 480 2078 oolcbeo
497 2016 536 2099 ja
560 2015 607 2079 ba·
630 2013 795 2078 Gedicbten
816 2016 998 2100 percuperem
1027 2014 1189 2100 Umfonpe,
1215 2015 1321 2079 beron-

150 2121 315 2184 deorumn
328 2121 371 2200 oia
384 2143 416 2184 so
429 2121 606 2205 unldrrpbur
615 2120 719 2206 pefeilt
727 2122 807 2200 sind,
816 2144 848 2185 so
862 2122 1017 2185 natitrlc'cb
1028 2124 1095 2185 und
1107 2123 1184 2186 atreb
1196 2134 1279 2185 sonat
1288 2145 1321 2185 oo

151 2227 256 2312 briufip
271 2227 326 2289 der
341 2226 415 2288 Fau
436 2229 484 2300 ist,
510 2252 548 2290 zu
570 2230 650 2312 Tope
672 2239 767 2292 treton
790 2230 856 2290 tund
878 2230 936 2291 dua
958 2229 1123 2292 Metriocbc
1147 2230 1240 2293 nabeo
1257 2230 1321 2293 Be-

150 2333 328 2416 rr'ibrunpen
357 2334 413 2396 mit
447 2357 508 2396 nur
541 2335 586 2396 ino
614 2346 712 2398 ersten
734 2335 842 2398 Boane
873 2335 936 2396 oieb
961 2336 1135 2421 findenden
1169 2337 1321 2400 bleirzcren

152 2438 364 2503 Einzelloaitcn
406 2440 450 2502 im
491 2437 618 2504 Gauron
661 2442 711 2504 die
753 2441 989 2524 diecbezoipliclre
1032 2440 1228 2527 Aucbildunp
1266 2444 1322 2506 der

150 2546 340 2610 tiballiscben
356 2547 460 2610 Kanai
483 2548 607 2633 speciali
629 2549 663 2610 in
686 2549 783 2612 nuber
797 2547 937 2632 Stellaap
960 2571 999 2610 zu
1018 2550 1077 2612 deo
1092 2548 1320 2632 Daliaalapiccn

150 2656 203 2717 dea
238 2664 318 2718 osteo
341 2654 464 2717 Boebes
491 2657 557 2716 und
583 2678 622 2716 zu
647 2656 793 2740 petrissae
821 2655 898 2718 noch
925 2655 1067 2741 pefciltan
1090 2656 1238 2719 Perticae
1268 2658 1320 2720 dec

150 2762 273 2824 aaaron
297 2761 469 2847 aufertor&
517 2760 624 2825 Meum
649 2781 712 2826 non
737 2766 787 2826 est
815 2780 1023 2844 quaecunque
1055 2781 1094 2826 ex
1122 2779 1182 2825 usu
1213 2763 1319 2826 adiec-

150 2867 288 2932 tivorum
324 2867 548 2948 pronominum
582 2869 754 2933 verborum
782 2873 911 2949 sumpta
945 2872 994 2934 vir
1022 2869 1135 2934 doctus
1164 2869 1198 2932 in
1228 2887 1319 2934 suurn

149 2992 244 3039 usum
275 2974 435 3038 convertit
464 2973 614 3056 deinceps
645 2974 842 3053 examinare3
879 2990 1015 3054 namque
1051 2972 1114 3037 iarn
1150 2975 1320 3055 apparebit

149 3084 253 3145 totam
277 3079 359 3144 banc
382 3080 541 3144 rationem
565 3100 623 3162 per
646 3098 681 3146 sc
705 3081 910 3145 utilissimam
934 3081 967 3144 id
991 3079 1075 3161 quod
1099 3080 1169 3145 vult
1193 3079 1320 3145 efficere

149 3205 214 3251 non
236 3205 342 3269 posse,
368 3205 438 3251 curn
462 3205 526 3252 uon
550 3187 643 3252 modo
668 3187 754 3251 ultra
777 3189 906 3252 modum
929 3187 1001 3268 ipsa
1029 3187 1238 3267 progediatur
1262 3187 1319 3253 sed

150 3293 248 3359 etiam
272 3294 463 3360 coniecturis
488 3312 526 3357 ex
550 3299 643 3374 parte
665 3293 756 3360 falsis
780 3295 913 3359 nitatur.
965 3292 1095 3374 Iamque
1120 3294 1207 3358 iuvat
1233 3299 1319 3360 certe

149 3420 232 3482 quae
245 3403 375 3466 nomina
388 3407 420 3466 et
432 3402 531 3466 verba
547 3402 687 3483 scriptor
699 3401 844 3483 posuerit
860 3419 987 3483 quoque
1005 3401 1098 3465 modo
1116 3401 1320 3465 coniunxerit

149 3527 306 3590 quaerere
321 3527 491 3573 numerare
508 3509 667 3589 ordinare,
693 3510 749 3575 sed
773 3508 930 3573 lubricum
950 3506 1029 3571 mibi
1045 3507 1182 3587 videtur,
1208 3526 1318 3590 quam·

148 3724 209 3773 noct
229 3722 407 3788 Berribrunpen
425 3724 468 3774 mit
487 3723 581 3773 andern
600 3723 720 3773 Dichtero
739 3722 826 3788 irqend
844 3731 920 3771 etwas
938 3739 984 3771 von
1003 3738 1049 3771 nur
1067 3721 1158 3786 eioiqer
1174 3720 1319 3787 Bedeotunp

146 3830 221 3878 qeqeu
241 3811 292 3861 ihre
310 3812 436 3864 Aerlrtbait
456 3830 489 3862 an
509 3811 549 3861 die
568 3811 649 3861 Hand
666 3814 749 3877 nabeo,
773 3811 833 3861 dass
852 3810 965 3860 vielmebr
990 3811 1014 3860 in
1034 3810 1160 3862 denselben
1183 3829 1210 3860 so
1236 3811 1319 3877 bitrrfip

147 3901 199 3951 und
218 3901 357 3965 auffclleud
371 3940 446 3956 .....
465 3901 557 3966 perede
569 3901 698 3969 feinere
716 3899 991 3965 Eipcntbr'r'mlicbkeiten
1015 3898 1115 3961 Tibullo,
1140 3899 1181 3949 die
1198 3917 1319 3965 papauere

147 3990 289 4055 Forscbuup
307 3993 389 4056 jenem
408 3990 513 4039 Dichter
536 3990 686 4040 entscbr'edeu
709 3990 826 4040 zuweo‘sen
845 4007 909 4039 muse
933 3988 984 4038 und
1002 3987 1043 4040 die
1067 3988 1140 4038 ciuem
1160 3987 1318 4039 Narbabmer

139 4080 230 4142 semer
248 4077 326 4143 lupen,
345 4097 372 4129 so
391 4079 480 4129 brtbscb
498 4078 549 4128 und
568 4080 600 4130 im
617 4078 766 4144 Geqeusatze
784 4097 813 4128 zu
826 4079 969 4145 Lypdamus
981 4077 1024 4127 mit
1037 4077 1082 4127 deu
1099 4078 1155 4127 nicht
1167 4077 1327 4139 tibullioclreu

147 4169 303 4234 Dicbtuoqen
321 4169 456 4220 stimmeof‘
