2940 4890
145 197 187 260 70

147 378 258 455 cerpta
288 372 345 438 illa
372 370 528 453 iecemnt,
559 370 715 455 Lygdami
749 389 860 436 versus
895 371 1072 437 laudabant
1106 369 1319 436 inscribentes

147 482 202 554 „iu
232 482 356 544 0001000ιι
385 481 406 544 1.
432 498 459 544 0.
484 481 615 543 sectando
643 497 707 543 non
737 478 925 560 explicatur.
977 478 1090 559 Neque
1120 479 1205 542 enim
1233 479 1320 559 quod

145 588 264 652 conicit
279 585 423 652 Hillerus
441 585 475 668 (l.
493 585 529 666 l.)
546 585 624 650 mihi
641 586 773 666 arridet,
798 586 862 651 iam
880 591 949 650 tum
966 586 1164 669 Lygdamum
1187 589 1221 650 et
1237 605 1321 666 quae

147 700 325 776 sequuntur
348 698 442 759 notas
471 710 546 756 suas
570 691 723 757 habuisse
755 697 788 756 et
810 693 1029 776 negligentiae
1053 710 1164 757 eorum
1188 693 1243 773 qui
1268 711 1320 756 ex·

146 802 322 882 carpebant
359 798 566 865 tribuendum
603 815 688 877 esse,
730 799 815 878 quod
851 802 905 874 „iu
945 801 1070 864 0001001ιι
1114 798 1322 881 scripsissent

146 908 343 991 Lygdamum
366 907 548 971 laudantes.
590 904 676 982 Quos
700 904 859 987 existimo,
886 907 913 971 si
936 911 1047 971 notam
1072 906 1170 980 „liber
1193 908 1321 970 100110οι1

146 1017 180 1081 in
216 1034 253 1080 eo
290 1015 398 1080 codice
428 1034 467 1080 ex
495 1032 557 1094 quo
588 1010 805 1094 excernebant
832 1014 1005 1096 legissent,
1042 1013 1239 1096 Lygdamum
1274 1014 1322 1078 ita

146 1121 335 1188 laudaturos
359 1120 467 1186 fuisse.
515 1119 557 1184 Et
580 1120 816 1201 respiciendum
847 1127 897 1186 est
924 1121 1005 1186 illud
1029 1123 1083 1195 „iu
1108 1122 1233 1185 0001001ι
1258 1139 1322 1185 non

148 1229 247 1294 semel
270 1227 321 1293 vel
344 1227 394 1292 bis
419 1245 588 1292 occurrere
612 1227 670 1292 sed
691 1226 886 1307 quindecies,
912 1229 998 1310 quod
1022 1232 1171 1310 spectare
1193 1227 1323 1292 videtur

148 1335 190 1401 ad
214 1338 318 1400 certas
347 1335 490 1400 rationes
522 1351 601 1415 quas
630 1332 679 1397 illi
708 1334 811 1398 secuti
843 1340 928 1400 sunt.
977 1335 1037 1413 Qui
1067 1335 1152 1416 quod
1181 1352 1323 1416 panegy-

149 1444 249 1508 ricum
283 1443 388 1523 ipsum
416 1440 593 1506 laudabant
624 1442 678 1514 „iu
704 1444 895 1526 paueyym'co
924 1443 1111 1507 Messallae“
1142 1440 1323 1522 explicatur

150 1569 188 1614 ex
213 1568 260 1628 eo,
286 1548 370 1630 quod
394 1548 446 1613 hic
469 1547 675 1629 iampridem
692 1546 774 1611 hanc
791 1552 905 1613 notam·
924 1546 1181 1613 suamhabebat.
1216 1548 1323 1628 Atque

148 1656 233 1721 hune
248 1654 339 1719 tertii
363 1654 440 1719 libri
455 1672 596 1736 unquam
612 1654 741 1719 initium
765 1653 865 1720 fuisse
881 1655 1055 1721 verisimile
1071 1673 1134 1720 non
1159 1659 1225 1719 est:
1249 1672 1323 1718 nam

152 1764 207 1845 qui
231 1762 368 1826 alteram
392 1762 481 1826 illam
499 1761 673 1826 editionem
688 1762 817 1843 paravit
840 1780 903 1826 non
920 1761 1034 1826 habuit
1050 1766 1147 1841 certe,
1173 1761 1258 1843 quod
1282 1760 1324 1824 ab

152 1870 198 1933 eis
222 1886 304 1949 quae
329 1869 563 1934 antecedebant
587 1867 699 1948 elegiis
724 1868 784 1932 hoc
809 1886 934 1932 carmen
961 1872 1157 1951 segregaret.

238 1974 472 2055 Excerptorum
489 1976 588 2057 igitur
612 1972 675 2038 tide
699 1993 770 2038 cum
791 1975 942 2055 nitamur,
959 1993 1151 2057 persuasum
1167 1973 1324 2040 habemus

149 2081 230 2146 illud
255 2084 310 2155 „ab
334 2084 460 2146 0001000ιι
486 2081 589 2145 errori
612 2099 676 2145 non
699 2085 788 2145 recte
811 2080 911 2146 tribui
936 2086 969 2146 et
985 2081 1156 2146 conicimus
1180 2081 1213 2145 in
1238 2081 1325 2146 codi-

151 2187 251 2268 cibus,
277 2188 331 2269 qui
347 2187 545 2253 recentiores
562 2191 646 2266 sunt,
672 2186 737 2253 illis
753 2191 864 2253 notam
889 2206 958 2252 eam
983 2206 1065 2268 quae
1081 2188 1201 2269 legitur
1225 2187 1325 2261 „liber

150 2296 277 2358 1001100ι
307 2313 370 2360 non
399 2294 501 2359 veteri
525 2293 692 2358 traditioni
722 2293 842 2374 deberi,
871 2296 928 2360 sed
961 2293 1051 2380 (XIV
1080 2292 1148 2359 fere
1180 2294 1323 2378 saeculo)

151 2400 339 2482 inscriptam
375 2419 446 2466 esse
471 2420 489 2465 a
517 2400 650 2466 librario
679 2402 743 2482 qui,
774 2388 959 2484 intelligens
988 2402 1021 2465 in
1052 2402 1157 2484 elegia
1186 2400 1324 2475 „Maras

146 2491 288 2573 Rormani
319 2508 416 2590 festae
443 2530 549 2572 venera
578 2508 726 2572 kalendae
754 2517 844 2594 sqq.“
874 2512 907 2572 et
936 2509 1143 2590 sequentibus
1177 2509 1217 2573 de
1250 2527 1324 2573 0011-

152 2614 330 2680 diciouibus
354 2631 487 2696 prorsus
511 2613 583 2677 aliis
608 2616 661 2698 agi
677 2621 774 2696 atque
797 2615 830 2679 in
856 2615 902 2680 eis
927 2632 1009 2696 quae
1025 2614 1260 2680 antecedebant
1283 2615 1325 2679 ad

152 2722 315 2787 Nemesim
340 2725 535 2802 spectantes
559 2720 619 2785 hoc
642 2722 712 2786 loco
737 2722 866 2804 gravius
888 2721 1091 2787 incidendum
1116 2723 1239 2788 curavit
1263 2723 1325 2786 ita-

153 2848 224 2910 que,
250 2846 443 2909 quamquam
465 2829 536 2909 ipse
560 2846 623 2891 non
639 2827 860 2910 perspiciebat
882 2828 962 2893 haec
979 2829 1122 2893 carmina
1145 2828 1227 2894 alius
1254 2846 1326 2894 esse

152 2939 278 3017 poetae,
303 2934 386 2999 viam
411 2939 519 2998 tamen
548 2934 669 2999 inscius
694 2935 766 2999 aliis
790 2936 991 3002 monstravit.
1040 2936 1108 3013 Quo
1133 2934 1171 3000 tit
1193 2940 1230 3000 ut
1254 2941 1324 3001 tres

153 3039 228 3106 libri
251 3041 283 3104 iu
308 3040 471 3105 codicibus
493 3040 681 3107 melioribus
697 3042 883 3121 tradantur3
908 3042 1026 3107 etenim
1052 3043 1151 3116 „liber
1174 3051 1324 3128 querceae‘

154 3167 248 3230 quem
272 3165 386 3212 vocare
411 3148 560 3228 solemus,
585 3153 669 3215 teste
693 3149 780 3214 nullo
802 3150 918 3216 nititur
941 3150 1004 3214 nisi
1029 3169 1076 3224 eo,
1103 3150 1157 3232 qui
1181 3150 1240 3214 XV
1257 3168 1326 3216 sae-

154 3256 224 3321 culo
249 3255 365 3320 iterum
390 3256 489 3337 (inter
512 3256 666 3338 Lygdami
691 3257 811 3340 elegias
841 3262 873 3323 et
896 3257 1127 3340 panegyricum
1151 3257 1325 3322 Messallae
1400 3248 1403 3253 ⁴

155 3520 304 3575 secundum
331 3520 481 3589 appendice
505 3520 554 3573 illa
576 3519 686 3573 informi
714 3524 818 3575 auctos.
865 3520 992 3575 Ceterum
1021 3538 1054 3576 ne
1084 3526 1188 3577 certum
1216 3523 1327 3592 quidem

154 3608 222 3663 mihi
240 3609 349 3662 videtur
368 3625 437 3677 esse,
459 3608 531 3678 quod
544 3608 712 3677 exploratum
725 3609 827 3664 habent
846 3627 907 3664 curn
920 3611 1040 3680 Hauptio
1053 3611 1186 3681 plerique,
1205 3628 1265 3665 eum
1280 3613 1327 3682 qui

155 3698 310 3768 catalogum
332 3698 404 3752 hunc
429 3698 547 3752 confecit
566 3696 684 3766 plures
702 3699 788 3754 libros
810 3701 970 3770 respexisse.
1019 3700 1119 3754 Scribit
1138 3701 1221 3754 enim:
1250 3702 1330 3765 „Albi

160 3790 252 3840 Tibulli
278 3789 318 3843 lib.
339 3788 377 3840 II.
429 3786 520 3856 Atque
547 3802 601 3839 non
630 3787 825 3856 negligendum
852 3789 962 3843 videtur
991 3805 1051 3842 eum
1082 3789 1104 3842 si
1127 3788 1218 3858 plures
1240 3788 1327 3844 libros

155 3876 302 3945 significat,
321 3876 490 3945 perscribere
511 3877 611 3940 ‚,libri“.
644 3876 785 3945 Spectavit
801 3878 888 3946 igitur
901 3879 1017 3932 fortasse
1036 3895 1090 3932 non
1103 3877 1138 3931 ad
1157 3879 1224 3932 duos
1242 3877 1328 3932 libros

155 3967 204 4021 sed
231 3967 266 4020 ad
294 3982 378 4019 unum
407 3964 563 4019 seeundum.
610 3965 699 4031 Quare
726 3984 781 4020 non
808 3971 913 4021 rectum
942 3971 984 4021 est
1003 3998 1036 4008 —
1056 3967 1153 4036 opinor
1172 3997 1205 4006 -
1225 3983 1257 4020 ex
1275 3966 1328 4020 hae

157 4057 409 4110 commemoratione
438 4055 578 4124 colligere,
608 4072 679 4109 nono
707 4054 816 4109 saeculo
844 4057 902 4110 sive
930 4056 997 4111 duos
1025 4056 1213 4111 tantummodo
1241 4055 1329 4110 libros

157 4146 280 4199 extitisse
300 4146 357 4200 sive
376 4145 513 4215 integrum
532 4144 584 4199 hoe
604 4144 740 4215 exemplar
758 4162 811 4200 non
831 4145 924 4199 fuisse.
