2940 4890
1281 216 1321 275 65

149 386 344 452 carminibus
369 391 495 451 auctam
520 387 693 451 editionem
718 386 892 451 verisimile
918 392 968 452 est
992 389 1023 453 in
1046 389 1147 454 lucem
1164 390 1311 470 prodisse

148 495 294 575 Namque
319 498 352 558 et
374 512 433 574 per
456 512 490 557 se
514 493 702 558 incredibile
728 498 777 558 est
800 493 972 575 plerosque
995 499 1063 559 tum
1087 495 1151 560 iam
1177 497 1323 576 explora-

148 605 216 665 tum
240 619 303 665 non
326 599 477 665 habuisse
507 618 589 681 quae
606 599 738 664 'Tibulli
767 617 849 680 quae
874 600 1009 665 aliorum
1035 607 1144 667 essent
1168 604 1319 683 carmina,

148 708 195 772 ita
218 712 255 771 ut
278 708 407 788 impune
432 706 578 786 genuinis
602 707 713 786 spuria
732 706 773 770 ab
792 706 916 770 editore
933 709 1045 789 quovis
1063 713 1321 789 contexerentur,

149 818 182 879 et
210 814 334 879 accedit
362 814 448 895 quod
477 813 636 877 Martialis
666 814 699 876 in
722 813 979 894 epigrammaton
1006 815 1088 880 libro
1113 815 1188 881 XIV
1213 835 1238 881 c.
1260 818 1321 881 193

149 921 268 986 Tibulli
284 921 330 986 ita
347 921 542 987 mentionem
557 919 635 985 facit
652 924 687 984 ut
705 920 802 984 linere
826 920 904 985 mihi
929 922 1057 1004 quidem
1081 925 1231 990 videatur
1255 942 1323 989 cre·

149 1028 234 1107 dere,
259 1047 300 1092 ne
323 1028 408 1092 huuc
425 1028 553 1110 quidem
569 1032 637 1092 tum
654 1027 750 1111 (anuo
766 1025 834 1092 fere
850 1028 892 1090 84
908 1029 959 1093 vel
976 1031 1017 1093 85
1034 1049 1065 1110 p.
1084 1028 1169 1112 Chr.)
1180 1026 1204 1110 ¹)
1228 1031 1323 1112 plura

149 1136 276 1200 novisse
301 1154 396 1217 quam
421 1154 502 1216 quae
527 1136 596 1216 ipse
621 1134 696 1199 olim
722 1133 867 1199 Tibullus
885 1134 986 1198 edidit
1002 1153 1148 1216 quaeque
1165 1135 1234 1199 sola
1250 1136 1322 1216 ipsa

147 1260 206 1322 per
230 1248 332 1306 totum
357 1241 519 1331 saeculum
542 1242 764 1306 innotuerant:
790 1241 963 1320 „Deliam“
981 1248 1013 1308 et
1030 1242 1232 1322 ,‚Nemesim“
1254 1242 1275 1306 i.
1293 1261 1320 1323 e,

150 1349 287 1429 primum
313 1353 346 1413 et
332 1348 543 1412 tsecuudum
568 1346 694 1411 librum
753 1345 816 1412 Sed
841 1367 911 1412 cum
936 1348 975 1412 de
1006 1347 1065 1412 hoc
1089 1347 1323 1428 epigrammate

148 1455 208 1518 alit
194 1461 245 1520 ter
269 1455 325 1518 alii
349 1455 510 1520 senserint
537 1473 616 1535 opus
640 1458 691 1518 est
714 1453 819 1519 brevit
804 1458 855 1519 ter
879 1454 911 1517 in
914 1457 1040 1534 tetrpre
1042 1453 1104 1532 ari3
1130 1454 1216 1534 quod
1239 1453 1319 1536 legi-

149 1581 220 1627 mus
243 1561 306 1626 ita:

642 1665 832 1731 Tibullus.

314 1775 415 1837 Ussit
438 1778 608 1838 amatorem
631 1773 773 1837 Nemesis
797 1772 940 1835 lasciua
968 1771 1123 1834 Tibullum

387 1882 427 1943 u'n
450 1892 529 1944 tota
553 1881 646 1943 iuvit
670 1903 773 1966 quem
796 1878 894 1941 nibil
917 1901 993 1942 esse
1015 1880 1128 1942 domo.

238 1990 343 2070 Atque
376 1987 598 2051 hexametrum
630 1986 758 2069 quidem
788 1985 953 2067 pertinere
984 1985 1025 2050 ud
1053 1984 1172 2049 librum
1203 1984 1321 2049 Tibulli

147 2096 322 2161 secundum
346 2095 379 2159 in
404 2099 556 2175 promptu
580 2098 639 2160 est.
691 2092 782 2157 Ussit
798 2099 888 2158 'sane
917 2110 1012 2174 quam
1041 2091 1321 2158 vehementissime

151 2202 312 2267 Tibullum
335 2201 492 2281 Nemesis,
518 2201 603 2282 quod
627 2198 763 2280 patefiet
787 2199 814 2263 si
839 2198 880 2262 ad
904 2197 993 2279 ipsas
1023 2196 1118 2263 huius
1149 2197 1225 2263 libri
1255 2197 1320 2263 ele·

149 2309 218 2389 gius
242 2308 471 2373 accesserimus
489 2305 541 2390 (cl.
559 2325 589 2386 p.
609 2307 696 2369 2611.
720 2306 759 2387 l),
778 2305 935 2387 imprimis
953 2314 1111 2384 quartam,
1137 2304 1226 2369 cuius
1244 2309 1319 2385 apte

149 2415 294 2482 conferas
318 2431 429 2480 versus
455 2414 484 2492 5,
504 2414 524 2475 6
531 2433 537 2475 :
570 2421 572 2425 ’
693 2421 695 2426 “

309 2531 336 2583 et
359 2541 410 2582 seu
435 2519 511 2603 quid
533 2518 633 2581 merui
656 2541 707 2582 seu
730 2515 808 2599 nav)
829 2518 1022 2602 peccavimus
1045 2517 1134 2582 urit.

361 2647 466 2687 uror:
489 2625 519 2687 e'o
543 2632 672 2703 remoue,
688 2647 786 2709 ‘saeua
803 2623 922 2709 puella,
944 2623 1039 2707 faces.

237 2729 422 2812 Epitheton
443 2744 569 2812 quoque
597 2729 713 2794 lasciva
748 2731 788 2795 ad
817 2729 981 2795 Nemesim
1005 2728 1140 2809 ,optime
1169 2728 1317 2809 quadrat.

149 2838 212 2903 Sed
237 2837 276 2901 de
300 2841 504 2917 pentametro
529 2836 694 2918 paulisper
718 2836 902 2918 ambigitur,
934 2841 1031 2918 atque
1062 2833 1182 2898 factum
1207 2839 1317 2900 estut

148 2945 209 3010 viri
233 2943 320 3007 docti
343 2943 376 3007 iu
399 2943 506 3008 varias
529 2948 640 3024 partes
665 2944 879 3010 discederent.
922 2943 990 3007 Iam
1014 2940 1198 3007 memineris
1222 2941 1318 3007 uelim

61 3112 62 3116 ,
149 3052 283 3117 eundem
307 3048 373 3114 iere
398 3068 526 3114 versum
549 3050 615 3130 legi
639 3050 672 3113 iu
696 3049 816 3114 Tibulli
839 3050 913 3115 libri
937 3049 1033 3129 primi
1057 3047 1162 3128 elegia
1184 3047 1228 3112 V:

308 3157 364 3220 illa
388 3155 510 3239 (Delia)
535 3166 621 3240 repat
645 3167 785 3228 cunctos,
801 3155 850 3217 illi
872 3157 934 3219 sirit
957 3155 1063 3219 omnia
1088 3177 1196 3218 curae:

193 3266 235 3329 30
365 3274 401 3326 at
423 3264 520 3328 iuvet
543 3264 582 3326 in
605 3274 687 3332 tota
711 3284 764 3325 me
787 3261 884 3324 nibil
907 3284 984 3325 esse
1007 3262 1145 3324 dom0.“

235 3370 469 3452 Argumentum
494 3374 551 3435 est·
566 3371 776 3456 hoerpoeta‘,
802 3387 873 3434 cum
889 3368 1002 3432 Deliae
1025 3366 1136 3432 morbo
1154 3364 1318 3430 confectae

147 3478 321 3544 interesset
345 3474 396 3559 (cf.
414 3495 441 3541 u.
462 3478 480 3539 9
498 3475 591 3559 squ),
622 3492 756 3559 sperans
785 3489 854 3542 eam
886 3492 1054 3540 evasuram
1085 3491 1156 3540 esse
1180 3471 1319 3538 finxerat

147 3587 246 3651 vitam
270 3583 332 3648 sibi
357 3587 390 3647 et
413 3582 461 3647 illi
485 3581 906 3649 amoenissimam‘iuturam
931 3601 1015 3661 esse3
1041 3582 1126 3663 quod
1149 3584 1186 3644 ut
1210 3580 1318 3644 incen-

73 3832 76 3837 .
218 3777 344 3845 ¹t)Secu
344 3791 376 3830 us
402 3792 461 3829 snm
489 3775 730 3830 Friedlaeuderum
748 3775 796 3846 (Μ
816 3775 922 3831 Valerii
941 3773 1076 3829 Martialis
1103 3774 1318 3842 epigrammaton

146 3868 219 3935 libri,
240 3867 290 3919 mit
278 3864 376 3920 terkl
389 3865 466 3919 Auru.
481 3864 598 3936 Leipa.
617 3867 692 3932 1886,
707 3856 818 3937 Troll.)

217 3954 318 4027 2)Ηοο
337 3956 411 4008 recte
436 3969 497 4006 cum
514 3952 627 4006 Heinsio
650 3953 756 4022 recepit
774 3951 913 4008 Vahlenns
941 3968 991 4021 pro
1016 3950 1115 4020 „quid“
1136 3914 1209 4019 quod
1228 3948 1318 4002 aufert

147 4045 348 4116 oppositionem
368 4059 449 4112 quum
467 4042 623 4110 flagitamus
645 4042 727 4098 hauc:
757 4041 897 4147 seuquid
920 4040 1053 4094 merui:
1066 4054 1176 4106 nocens,
1204 4053 1253 4091 seu
1277 4036 1317 4090 nil

146 4134 365 4204 peccavimus=
333 4132 518 4186 ..innocens¹

1140 4227 1157 4281 5
