2940 4890
1284 237 1326 298 45

156 411 212 476 sed
239 428 310 475 cum
340 409 427 474 dicut
454 427 489 474 se
513 410 695 491 relinquere
719 410 751 473 in
775 411 880 476 medio
904 417 1012 476 utrum
1037 413 1203 493 epicedion
1228 411 1325 495 paulo

153 522 229 598 post
244 516 364 581 Tibulli
379 522 514 582 mortem
531 517 629 598 (quod
652 536 750 581 unum
774 522 897 582 rectum
922 518 1003 597 est1)
1028 537 1069 582 en
1093 519 1156 583 alio
1180 524 1325 602 tempore

154 625 308 706 scriptum
326 625 378 704 sit,
395 622 534 689 fructum
551 623 742 705 cognitionis
758 625 829 706 ipse
846 625 906 689 sibi
923 625 1068 690 abstulit.
1115 627 1163 690 De
1181 629 1326 693 versibus

154 736 262 798 autem
291 735 344 796 57.
363 732 404 795 58
435 731 570 796 adnotat
598 731 678 796 haec
706 733 752 813 (p.
772 730 903 814 XXVI):
939 733 1104 811 „Tibullus
1127 734 1167 796 ia
1190 735 1246 798 boc
1270 736 1324 818 (sc.

153 840 340 920 Nemeseos)
373 862 478 903 arnore
511 851 651 902 mortuus
679 850 729 918 est,
765 850 836 902 teste
860 837 970 901 Ouidio
1001 841 1034 901 iu
1071 839 1237 926 Epicadio,
1273 842 1327 905 ubi

154 947 298 1012 Nemesis
326 947 418 1010 dicit:
443 945 526 1021 ‚,Me
548 947 644 1010 terruit
667 947 802 1010 morieris
825 947 980 1033 dejiciente
1003 955 1120 1009 mauu“
1146 949 1200 1032 qui
1222 972 1326 1012 uersus

153 1057 353 1141 depromptus
381 1077 417 1118 aa
441 1053 537 1138 elegia
558 1054 667 1138 prima
690 1053 763 1117 libri
780 1054 885 1139 primi
913 1053 1090 1127 Tibulliaui,
1117 1055 1324 1120 etiamsinon

153 1162 334 1226 adverbum
349 1172 505 1246 urgeatur,
522 1160 577 1223 baa
596 1161 763 1224 certissime
771 1162 896 1245 probat.
921 1163 1060 1225 noudum
1075 1162 1207 1248 flauum
1222 1162 1326 1247 fuisse

151 1269 232 1332 bum
260 1291 407 1341 amarem,
436 1291 506 1333 cum
536 1269 632 1331 abiret
660 1266 781 1341 Albius,
807 1269 860 1331 secl
882 1269 921 1331 ia
945 1291 1058 1341 amore,
1084 1280 1117 1331 ut
1140 1269 1215 1341 dici,
1241 1292 1325 1332 mor-

151 1387 237 1438 tuum
249 1384 406 1462 peetam“.
442 1376 548 1457 Atque
563 1375 672 1457 pergit
688 1375 737 1440 vir
761 1376 872 1440 doctus
889 1375 934 1457 (p.
947 1376 1067 1455 XXXI)
1092 1377 1156 1439 ito:
1182 1373 1325 1461 „Nempe

153 1494 238 1546 acute
272 1483 349 1544 mibi
382 1483 607 1547 Lacbmauuus
636 1505 720 1546 meus
750 1494 881 1546 statuere
909 1484 1029 1547 uidetur
1057 1483 1091 1546 iu
1114 1481 1324 1547 Auaotatione

151 1589 230 1653 libra
246 1591 334 1654 tertia
345 1591 492 1676 praesicca
509 1587 558 1671 (cf.
573 1608 598 1654 s.
612 1610 642 1672 p.
659 1590 710 1670 43,
725 1609 755 1653 n.
770 1589 811 1671 3),
830 1591 926 1654 editos
941 1602 1002 1653 tres
1018 1590 1142 1653 ultimos
1167 1590 1261 1654 libras
1285 1591 1324 1653 ab

151 1695 214 1759 alio
240 1709 311 1781 post
340 1695 502 1775 moaem2)
531 1697 653 1762 Tibulli.
713 1697 859 1770 Tibullus,
889 1708 922 1759 ut
950 1697 1085 1760 vidimus
1108 1720 1214 1783 supra,
1240 1721 1324 1761 mor·

150 1814 221 1866 tuus
248 1815 314 1868 erat
344 1804 385 1867 iu
415 1827 521 1869 amore
548 1803 706 1883 Nemesis,
737 1805 791 1889 qui
822 1827 911 1868 amor
935 1827 1003 1867 cum
1026 1827 1089 1868 aaa
1104 1807 1218 1890 finitus
1242 1816 1324 1885 esset,

128 1933 205 1974 ‘aee
221 1910 300 1974 liber
318 1913 467 1976 secrradus
491 1911 554 1976 atet
570 1922 673 1996 potest
696 1934 715 1974 a
743 1911 862 1974 Tibullo
877 1911 1000 1997 finitus,
1026 1913 1079 1974 secl
1096 1912 1259 1996 probabile
1283 1923 1326 1976 cst

151 2014 351 2102 longiorem&
375 2018 522 2103 futurum
543 2018 646 2103 fuisse
673 2029 699 2081 et
721 2019 829 2102 priori
860 2019 1071 2103 magnitudine
1099 2015 1322 2103 similiorem⁴),

150 2125 179 2186 si
198 2137 290 2208 poeta
313 2126 429 2188 (liutius
451 2126 588 2199 uicissem
610 2148 706 2209 aeque
730 2148 798 2188 eum
822 2125 965 2190 edidisset
988 2138 1058 2191 aute
1072 2128 1173 2213 fiuem
1196 2126 1337 2210 amoris.

150 2230 246 2295 Narra
260 2233 355 2316 iqitur
377 2243 411 2294 ut
433 2233 562 2297 babetur
585 2255 621 2297 ea
644 2232 761 2296 scietis
784 2231 873 2294 Albii
896 2234 935 2295 ab
960 2233 1022 2296 alia
1047 2234 1144 2296 editus
1168 2243 1210 2295 est
1233 2239 1323 2316 sqq.“

151 2337 240 2402 Haec
252 2339 419 2404 Dissenus
455 2339 622 2421 Exscripsi
638 2344 746 2404 autern
760 2339 840 2404 baec
858 2341 964 2404 omnia
988 2358 1051 2420 quo
1067 2340 1170 2420 magis
1186 2337 1322 2419 patefiat

151 2446 372 2525 quaestionem
389 2445 531 2528 pendere
548 2465 586 2511 ex
603 2465 640 2511 eo
656 2451 693 2510 ut
709 2445 820 2511 fictum
838 2464 909 2511 esse
925 2445 1006 2510 illud
1023 2451 1186 2511 certamen
1203 2443 1322 2509 intelli-

152 2555 258 2630 gatur.
293 2552 361 2629 Quo
385 2551 572 2619 factumest
594 2558 631 2617 ut
646 2553 802 2619 Dissenus
826 2553 867 2618 ad
889 2552 1021 2619 verbum
1037 2551 1144 2616 omnio
1160 2550 1323 2632 explicans

151 2676 191 2721 ex
208 2658 357 2738 opinione
374 2677 433 2724 sua
449 2664 591 2725 sumeret
607 2659 696 2724 mira.
732 2659 941 2724 Haerentem
960 2659 1006 2724 eis
1023 2677 1105 2740 quae
1119 2657 1323 2740 exposuimus

151 2765 192 2829 de
205 2767 367 2830 sententia
381 2764 458 2831 fieta
473 2766 569 2847 plane
582 2765 774 2846 refutantur,
794 2785 899 2847 neque
916 2766 1089 2847 quidquem
1107 2768 1212 2830 restat
1228 2783 1323 2845 argu-

150 2872 358 2937 mentationis
373 2873 434 2937 viri
451 2874 537 2939 docti
554 2873 638 2955 quad
654 2873 895 2955 probabilitatis
913 2873 1050 2955 speciem
1066 2891 1145 2954 prae
1170 2889 1205 2936 se
1227 2868 1321 2935 ferat.

239 2977 420 3044 Secundum
436 2980 536 3062 igitur
552 2980 705 3044 libruma
729 2979 855 3045 Tibullo
880 2980 1002 3044 editum
1027 2998 1098 3044 esse
1122 2997 1161 3043 ox
1184 2975 1322 3058 epicedii

149 3105 197 3151 vv.
225 3087 277 3154 31.
298 3088 339 3151 32
369 3092 402 3152 et
437 3089 567 3152 53-58
598 3086 771 3168 colligitur.
823 3087 929 3168 Atque
957 3086 1114 3168 probatur
1140 3085 1220 3149 baec
1250 3101 1322 3148 sen-

222 3283 245 3351 1)
263 3281 292 3336 O.
308 3282 339 3335 P.
354 3280 497 3335 Schulzius
516 3281 558 3334 vir
576 3281 609 3333 de
629 3280 759 3347 elegiacis
779 3279 910 3333 Romanis
929 3280 1030 3348 optime
1049 3278 1161 3331 meritus
1180 3278 1255 3329 recte
1276 3275 1322 3328 ad-

147 3374 227 3425 notat
248 3371 310 3440 (1.1.
326 3388 353 3440 p.
372 3371 436 3439 202)
464 3370 607 3440 epicedion
633 3369 771 3437 a.73:'>l19
800 3369 932 3438 scriptum
960 3385 1031 3431 esse;
1059 3371 1151 3421 tamen
1180 3380 1322 3434 perperam

149 3464 242 3515 censet
260 3460 318 3529 (1.1.
329 3478 355 3529 p.
366 3461 410 3527 5⁶2)
430 3460 463 3512 tie
486 3459 550 3512 libri
570 3458 702 3514 editione:
731 3498 746 3522 ,‚
756 3459 881 3511 Wr'ibrencl
901 3459 948 3509 das
967 3469 1029 3509 erste
1042 3459 1114 3510 Bucb
1126 3458 1205 3507 seiuer
1218 3455 1321 3520 Elegiae

148 3553 208 3602 abab
222 3553 260 3601 bei
270 3553 350 3602 seinen
364 3551 491 3600 Lebzeiteu
511 3568 557 3599 aaa
576 3549 623 3598 lbra
636 3550 708 3600 selbst
721 3549 898 3614 uerirffeatlicbt
912 3548 1009 3599 worden
1022 3549 1061 3610 ist,
1075 3547 1132 3597 sind
1144 3547 1209 3596 seiae
1222 3546 1322 3609 ttbrlpen

150 3640 268 3692 Gedicbte
285 3657 422 3690 zusammen
439 3639 482 3688 mit
501 3638 577 3689 denen
589 3640 654 3690 ciues
664 3642 787 3704 jiiapereo
802 3637 925 3699 Dichters,
939 3638 982 3687 cles
994 3637 1145 3703 Lygdamus,
1165 3634 1216 3684 und
1228 3634 1322 3698 einiger

147 3729 255 3780 anderen
274 3739 322 3779 erst
341 3729 403 3779 narb
422 3729 509 3778 scirem
533 3727 600 3778 Taele
618 3729 808 3792 berausqepebea
829 3727 951 3778 wardea.“
989 3725 1047 3778 Hoc
1066 3727 1212 3792 utrumque
1231 3723 1322 3774 autem

147 3817 216 3870 velis
233 3818 369 3886 remisque
389 3816 442 3870 sibi
464 3817 602 3886 repugnat
624 3830 713 3883 neque
740 3814 818 3868 video
843 3814 979 3884 quomodo
1003 3816 1045 3868 uir
1069 3814 1166 3867 doctus
1192 3809 1322 3875 coniungi

146 3922 227 3975 posse
246 3907 371 3961 senserit.

219 3993 242 4062 2)
261 3995 295 4050 ef.
324 3994 530 4071 quae‘disserui
547 3993 620 4047 inira
637 4009 663 4061 p.
684 3995 718 4048 63
732 4009 800 4063 sqq,
814 3994 848 4048 68
861 4009 921 4063 sqq.

219 4083 241 4153 ³)
259 4084 301 4138 De
319 4083 371 4137 bac
390 4100 419 4137 re
439 4082 556 4137 disserui
573 4082 602 4135 in
620 4081 706 4136 altero
726 4083 815 4152 capite
834 4099 860 4152 p.
874 4085 909 4137 58
924 4097 982 4150 sqq.

218 4172 245 4241 4)
265 4173 300 4228 et.
314 4173 333 4229 i.·
347 4190 374 4242 p.
389 4175 423 4229 58
438 4189 506 4242 sqq,
526 4173 560 4224 72
577 4187 635 4241 sqq.
