2940 4890
1283 210 1323 272 69

151 384 385 467 quodammodo
399 384 548 448 turbatus
556 387 729 465 utrumque
742 381 845 462 docet,
861 387 894 448 ct
907 384 1081 450 editionem
1093 384 1175 449 hanc
1189 362 1325 451 alteram

151 495 247 574 longo
272 491 428 572 temporis
452 489 622 555 intervallo
644 490 808 573 segregari
833 492 989 572 aprima,
1015 509 1097 572 quae
1122 490 1200 556 duos
1225 491 1325 558 libros

151 601 306 682 genuinos
324 597 519 677 continebat,
538 600 571 662 et
587 597 746 661 editorem
762 599 817 678 qui
834 598 959 663 curavit
975 598 1136 662 hominem
1153 598 1324 665 admodum

150 709 262 772 rudem
278 704 393 784 fuisse;
420 704 485 785 qui,
508 721 700 785 quamquam
718 703 818 768 testes
842 705 906 769 iam
930 724 992 769 non
1009 705 1190 786 exstabant,
1217 711 1325 771 tamen

149 834 190 880 ne
215 815 285 896 ipse
309 813 437 895 quidem
462 812 489 874 is
517 807 593 889 fuit,
624 809 679 890 qui
708 814 842 874 naturas
871 810 1033 875 variorum
1062 817 1231 893 poetarum
1261 814 1325 879 dis·

151 926 305 987 cerneret.
344 918 492 984 Genuina
509 917 593 981 enim
616 935 655 981 θα
678 935 760 997 quae
784 935 843 981 nos
867 917 994 998 quidem
1012 917 1167 984 habemus
1184 920 1252 1000 (IV,
1278 939 1323 986 cc.

151 1033 252 1107 2—-73
286 1029 336 1108 13,
372 1026 424 1110 14)
453 1024 656 1106 interpositis
687 1023 849 1119 Lygdamo
881 1028 914 1088 et
942 1025 1137 1108 panegyrico
1168 1027 1324 1094 vilissimo

150 1137 184 1200 in
209 1139 346 1199 exeunte
377 1131 444 1197 fere
469 1131 647 1213 appendice
671 1131 790 1211 posuit.
837 1131 905 1195 Iam
935 1131 1093 1212 quomodo
1124 1152 1240 1215 corpus
1271 1135 1323 1198 Ti-

149 1243 329 1309 bullianum
345 1240 420 1316 inde
444 1258 463 1302 a
480 1238 607 1303 saeculo
625 1238 764 1302 secundo
782 1243 997 1320 propagatum
1016 1229 1060 1302 si't
1076 1237 1223 1303 bifariam
1247 1241 1325 1306 licet

150 1350 303 1427 iudicare,
328 1348 355 1412 si
381 1346 532 1427 quidnam
556 1345 693 1409 moverit
709 1344 882 1409 monachos
899 1350 1051 1426 excerpta
1074 1345 1131 1409 illa
1154 1345 1321 1428 facientes,

150 1461 186 1520 ut
203 1473 285 1537 quae
301 1454 387 1535 apud
403 1453 600 1534 Lygdamum
617 1453 768 1532 leguntur
793 1470 830 1516 ea
856 1451 974 1516 Tibulli
997 1453 1080 1518 libro
1105 1453 1244 1517 secundo
1269 1453 1324 1518 ad·

149 1562 341 1642 seriberent,
374 1561 535 1642 explicare
564 1559 723 1625 uolumus
775 1559 941 1625 Editorem
976 1560 1067 1625 illum
1103 1562 1185 1625 sumi
1213 1565 1324 1642 potest

149 1675 206 1734 aut
229 1674 330 1734 totam
355 1670 564 1751 appendicem
594 1686 690 1749 quam
720 1667 791 1748 ipse
822 1667 924 1732 edidit
951 1671 989 1732 ut
1017 1667 1150 1732 tertium
1174 1667 1323 1733 volumen

149 1777 330 1859 (continens
356 1778 420 1840 683
445 1775 509 1858 vv.)
533 1776 646 1857 primis
678 1773 802 1838 duobus
831 1773 910 1858 (810
933 1793 998 1853 vv.;
1028 1776 1093 1839 428
1118 1774 1181 1856 vv.)
1206 1777 1323 1839 iterum

150 1885 246 1950 editis
270 1884 443 1963 addidisse,
474 1888 530 1948 aut
562 1901 631 1948 eum
662 1882 812 1961 secundo,
843 1882 930 1962 quod
958 1882 1062 1964 primo
1087 1887 1158 1946 erat
1182 1881 1322 1963 brevius,

149 1993 181 2055 in
217 2009 316 2055 unum
351 1988 633 2071 comprehendisse
669 2007 732 2053 non
768 1988 871 2053 solum
905 1989 1061 2071 Lygdami
1098 1989 1229 2070 elegias,
1266 1989 1323 2054 sed

149 2096 273 2180 etia1n¹l
298 2115 337 2162 ea
365 2097 507 2161 carmina
531 2114 614 2178 quae
637 2095 733 2160 hodie
758 2096 865 2177 quarti
888 2094 963 2161 libri
987 2102 1152 2162 vocantur.
1196 2096 1239 2161 Et
1262 2097 1323 2161 hoc

149 2205 276 2288 quidem
301 2204 357 2268 illo
374 2203 580 2268 verisimlius
605 2222 676 2269 esse
693 2204 829 2269 videtur.
871 2205 940 2269 Duo
958 2204 1058 2287 igitur
1075 2209 1143 2269 tum
1160 2204 1323 2269 volumina

149 2311 331 2376 Tibulliana
359 2349 399 2360 -
430 2311 524 2376 venia
561 2312 655 2377 detur
683 2311 730 2376 ita
758 2311 949 2376 vocanti-
978 2312 1011 2375 in
1040 2312 1144 2377 lucem
1173 2311 1322 2392 prodisse

147 2421 305 2500 videntur,
337 2420 475 2500 primum
499 2437 649 2484 uersuum
674 2421 748 2499 810,
781 2418 955 2484 secundum
980 2420 1167 2492 laec-290
1191 2418 1323 2509 (Lygd.)

149 2530 189 2608 -1-
204 2530 265 2590 211
293 2527 585 2610 (Paneg.)-l-154
614 2527 706 2610 (cycl.
736 2531 770 2591 et
794 2525 914 2608 Sulpic.
941 2527 1027 2611 epp.)
1048 2527 1087 2608 -l-
1103 2527 1144 2590 28
1170 2525 1237 2608 (IV,
1266 2525 1319 2605 133

152 2634 372 2715 14)--1111.
431 2633 498 2711 Quo
533 2631 604 2697 fieri
639 2634 747 2716 potuit
788 2638 825 2698 ut
863 2633 994 2714 „liber
1028 2633 1206 2697 secundus“
1245 2632 1321 2696 olim

148 2742 188 2807 ad
219 2760 275 2806 sex
304 2741 425 2824 elegias
454 2740 669 2821 Tibullianas,
707 2758 787 2823 quas
816 2741 886 2822 ipse
921 2744 1018 2821 poeta
1050 2740 1212 2820 ediderat,
1248 2758 1321 2820 per-

147 2849 253 2914 tinens
288 2847 389 2913 multo
432 2848 531 2913 latius
570 2853 699 2931 pateret
735 2849 874 2929 genuina
909 2848 1083 2929 spuriaque
1124 2847 1319 2929 complexus,

148 2976 340 3039 quamquam
364 2954 504 3021 fortasse
529 2957 633 3021 editor
657 2975 697 3020 nc
713 2956 862 3022 voluerat
885 2955 1014 3038 quidem
1038 2974 1105 3020 rem
1130 2956 1177 3020 ita
1202 2955 1318 3036 accipi;

148 3083 242 3147 quam
260 3063 388 3145 quidem
404 3064 624 3146 partitionem,
647 3083 716 3128 cum
734 3065 839 3129 medio
857 3064 942 3146 quod
958 3063 1076 3128 dicitur
1093 3082 1171 3128 aevo
1187 3063 1320 3127 ineunte

148 3189 186 3235 ex
209 3170 424 3236 voluminibus
454 3173 486 3237 in
512 3173 636 3237 codices
660 3176 767 3238 textus
792 3170 939 3254 abiret²l,
971 3174 1131 3236 servatam
1155 3188 1226 3236 esso
1256 3188 1319 3234 non

148 3284 198 3344 est
222 3280 307 3362 quod
330 3298 492 3363 negemus.
541 3280 686 3361 Namque
713 3279 777 3344 nisi
799 3280 859 3344 hoc
888 3279 981 3344 modo
1007 3279 1092 3360 quod
1118 3277 1157 3357 ei,
1187 3277 1242 3358 qui
1267 3295 1320 3340 ex·

219 3528 242 3597 1)
260 3527 337 3581 Tum
356 3528 443 3596 igitur
455 3527 557 3581 factum
577 3544 636 3582 ease
656 3528 769 3582 concedi
787 3531 879 3598 potest
897 3527 935 3594 id,
955 3525 1027 3596 quod
1045 3526 1128 3596 paulo
1141 3529 1204 3595 post
1217 3524 1318 3578 Tibulli

146 3620 260 3671 mortem
279 3648 314 3655 —
332 3617 372 3669 ita
390 3617 494 3670 Birtiua
515 3648 546 3654 —
566 3616 641 3670 nullo
660 3617 740 3671 modo
758 3616 977 3687 permittebatur.

217 3704 240 3775 2]
258 3706 299 3759 De
319 3704 413 3758 codice
433 3705 596 3759 Santeuiano
616 3706 663 3774 qui
682 3705 791 3760 exhibet
808 3708 885 3768 „Albi
900 3707 992 3759 Tibulli
1009 3707 1050 3758 lib.
1070 3705 1118 3756 II“
1137 3703 1314 3758 dubitaveris.

147 3795 186 3849 Ac
199 3794 337 3864 Hauptiue
351 3794 460 3863 quidem
472 3795 514 3847 uir
526 3793 737 3848 humanissimus
748 3795 778 3864 (l.
791 3795 820 3861 1.)
834 3795 953 3849 coniecit
965 3794 1101 3862 exemplar
1114 3794 1252 3860 integrum
1264 3808 1320 3846 non

146 3884 240 3951 luisse,
260 3900 320 3937 cum
340 3883 393 3937 duo
412 3882 599 3937 tantummodo
618 3883 682 3935 libri
700 3886 917 3937 numerarentur.
954 3882 1085 3946 Quaestio
1106 3882 1208 3951 pendet
1227 3897 1258 3935 ex
1278 3897 1319 3949 eo,

146 3975 178 4025 ut
196 3972 285 4042 qualis
303 3973 388 4026 fuerit
405 3972 468 4025 finis
487 3971 551 4025 libri
570 3972 682 4025 secundi
700 3972 908 4025 demonstretur.
945 3971 1049 4036 Quodsi
1065 3971 1227 4041 respicimus
1245 3970 1319 4024 hunc

148 4061 270 4115 codicem
282 4061 368 4115 multo
381 4062 510 4115 maiorem
524 4077 582 4114 esse
597 4061 740 4130 excerptio,
759 4060 849 4115 iacere
862 4079 917 4115 non
930 4077 1073 4130 possumus
1087 4061 1153 4130 quin
1167 4059 1318 4127 credamus,

148 4151 297 4222 significari
315 4168 369 4206 non
389 4152 475 4206 solum
495 4168 541 4205 eos
561 4167 629 4222 qnos
648 4165 719 4205 nunc
738 4167 865 4204 vocamus
888 4149 973 4203 libros
993 4149 1069 4217 duos,
1089 4151 1136 4204 sed
1154 4151 1271 4219 primum
1291 4151 1319 4202 at
