2940 4890
186 298 205 359 6

185 477 236 539 est
258 478 296 539 ut
318 489 382 534 non
406 470 508 534 solum
534 470 675 534 carmina
698 469 797 533 variis
821 470 923 535 modis
947 472 1019 553 ipsa
1043 471 1110 536 sive
1134 474 1263 552 poetam
1287 469 1354 534 sive

184 581 282 646 medii
305 579 391 660 quod
416 576 534 641 dicitur
559 577 630 667 aevi
654 575 805 642 librarios
823 582 1012 644 accusantes
1028 577 1175 659 plerique
1190 580 1353 656 vexarent,

184 687 241 752 sed
270 686 367 750 etiam
391 683 477 766 quod
499 684 533 748 in
556 683 691 764 singulis
715 683 775 748 sibi
798 683 991 749 videbantur
1019 683 1291 749 demonstravisse
1314 681 1354 746 ad

185 793 353 858 universos
376 789 477 854 libros
502 789 536 854 id
559 788 681 879 referre
705 808 770 854 non
794 789 990 856 dubitarent.
1073 857 1075 860 .

274 899 380 980 Atque
402 897 463 960 hoc
492 895 665 976 plurimum
696 895 783 961 cadit
810 897 842 961 in
869 896 988 963 librum
1016 896 1206 975 secundum3
1237 895 1356 961 etenim

185 1024 255 1070 cum
280 1004 403 1084 elegiae
428 1020 509 1084 quae
533 1001 594 1066 hoc
616 1001 700 1067 libro
726 1004 930 1070 continentur
947 1023 1004 1069 sen
1019 1023 1095 1069 num
1111 1002 1274 1085 perlectae
1291 1002 1357 1066 sint

185 1117 218 1177 et
240 1108 422 1194 perpolitae
445 1113 515 1172 tum
538 1108 619 1173 liber
644 1109 792 1174 editusue
816 1111 859 1175 sit
875 1130 895 1175 a
912 1111 1037 1176 Tibullo
1053 1128 1154 1175 necne
1171 1108 1355 1189 ambigitur.

277 1217 382 1295 Quare
407 1215 446 1279 de
469 1215 564 1280 huius
588 1215 663 1280 libri
688 1216 828 1281 editione
853 1217 956 1282 denuo
981 1216 1140 1282 disserere
1163 1236 1226 1281 non
1243 1214 1357 1279 inutile

185 1344 256 1393 esse
281 1341 405 1390 censeo.
445 1321 563 1387 Laetor
587 1326 694 1387 autern
719 1327 817 1404 atque
841 1324 965 1404 gaudeo
990 1324 1075 1405 quod
1091 1322 1189 1387 tironi
1206 1325 1281 1386 ante
1296 1321 1356 1386 hos

185 1431 326 1515 quinque
350 1446 451 1493 annos
476 1426 622 1508 contigit,
652 1431 689 1491 ut
716 1428 813 1509 primi
839 1429 974 1494 Vahleni
998 1428 1219 1510 praeceptoris
1244 1427 1357 1508 optimi

185 1537 303 1604 scholis
326 1536 517 1601 interessem
541 1552 621 1616 quas
644 1533 764 1599 habere
789 1536 871 1600 solet
895 1535 934 1598 de
951 1534 1103 1615 elegiacis
1119 1535 1224 1614 poetis
1241 1535 1357 1598 Roma·

184 1663 307 1724 norum,
333 1641 373 1706 ad
389 1659 481 1724 quos,
500 1639 673 1722 praecipue
690 1639 731 1704 ad
748 1640 918 1721 Tibullum,
936 1639 969 1704 iu
986 1639 1059 1705 aliis
1076 1639 1193 1705 studiis
1210 1645 1357 1705 versatus

185 1754 282 1831 saepe
307 1767 344 1814 ac
371 1747 511 1812 libenter
535 1744 740 1811 recurrebam
769 1747 816 1811 ita
844 1752 881 1813 ut
911 1748 1047 1813 audeam
1071 1747 1215 1828 quaein
1239 1747 1358 1813 hacre

183 1856 260 1921 mihi
290 1855 401 1921 videor
429 1853 589 1919 invenisse
619 1870 657 1917 ea
680 1852 713 1917 in
736 1853 841 1920 lucem
864 1873 948 1919 nunc
971 1852 1128 1936 proferre,
1154 1857 1190 1918 ut
1213 1853 1358 1919 iudicent

186 1967 219 2028 et
241 1962 271 2026 i‘r
289 1963 344 2043 qui
367 1979 418 2025 me
442 1960 621 2025 docuerunt
645 1961 825 2044 quibusque
841 1961 1003 2043 permulta
1019 1979 1070 2025 me
1087 1959 1205 2024 debere
1221 1960 1359 2040 ingenue

184 2067 289 2133 fateor
305 2071 338 2131 et
361 2066 427 2146 alii,
445 2068 501 2148 qui
517 2069 637 2134 eisdem
654 2068 770 2135 studiis
787 2067 998 2147 delectantur,
1016 2085 1092 2131 num
1109 2064 1248 2130 fructum
1265 2083 1359 2147 quem

186 2191 286 2255 opera
310 2173 459 2254 ceperim.

274 2279 487 2344 Praemittam
511 2284 619 2345 autem
642 2280 718 2346 huic
735 2297 878 2345 summae
896 2279 1079 2361 quaestioni
1095 2297 1198 2361 pauca
1221 2279 1260 2342 de
1283 2278 1358 2346 libri

184 2385 280 2467 primi
314 2385 470 2465 editione,
509 2404 591 2467 quae
620 2388 748 2470 quidem
782 2387 861 2451 mihi
889 2406 953 2452 non
982 2386 1062 2451 satis
1091 2385 1259 2451 enucleata
1288 2403 1359 2450 esse
1391 2401 1394 2409 ·

184 2492 366 2572 videantur,
394 2494 563 2559 adnectam
587 2494 620 2559 in
644 2495 824 2577 appendice
848 2493 1125 2576 quaestiunculam
1142 2493 1182 2558 de
1198 2492 1358 2558 Martialis

187 2600 420 2681 epigrammate
447 2602 587 2683 quodam
610 2603 696 2685 quod
720 2603 761 2668 ad
785 2601 946 2667 Tibullum
971 2605 1112 2683 spectat3
1145 2618 1282 2682 namque
1306 2618 1359 2664 ex-

186 2706 295 2771 istimo
319 2711 492 2790 utrumque
520 2727 579 2790 per
607 2709 745 2774 scutilo
776 2708 817 2773 ad
845 2707 921 2773 libri
949 2708 1081 2773 secundi
1110 2707 1283 2773 editionem
1307 2722 1357 2770 ao·

187 2812 329 2879 curatius
353 2811 567 2880 definiendam
591 2815 712 2897 aliquid
736 2815 854 2880 valere.

277 2919 322 2984 Ac
351 2919 441 2986 iuvat
476 2940 558 3004 quae
591 2922 701 2987 insunt
734 2922 768 2986 in
802 2921 1044 3004 quaestionibus
1079 2921 1158 2987 meis
1193 2921 1253 2986 hoc
1287 2921 1358 2985 loco

187 3026 330 3092 breviter
354 3027 635 3109 comprehendere.

276 3169 462 3236 Berolini.
1018 3170 1065 3235 ld.
1091 3172 1167 3237 Dee.
1196 3171 1289 3236 1888.

641 3398 897 3481 Conspectus:

188 3522 379 3577 Praemittitur
410 3521 619 3592 quaestiuncula
650 3521 684 3575 de
712 3523 835 3577 versibus
867 3523 1029 3593 quibusdam
1056 3522 1196 3578 Ovidianis

260 3612 307 3680 qui
326 3613 451 3680 spectant
470 3611 505 3664 ad
522 3610 586 3664 libri
604 3611 685 3680 primi
704 3611 852 3665 editionem
869 3652 1194 3668 ..........
1215 3631 1241 3682 p.
1270 3616 1359 3668 7-28

189 3700 230 3754 De
248 3699 313 3754 libri
331 3699 444 3753 secundi
465 3698 583 3752 editione
603 3700 636 3752 ab
656 3700 715 3768 ipso
735 3698 843 3753 Tibullo
863 3703 958 3754 curata
974 3742 1193 3756 .......
1253 3704 1358 3756 ‘re-74

348 3787 370 3842 Ι.
389 3786 462 3852 Quid
480 3803 512 3840 en
531 3786 629 3840 Ouidio
649 3787 684 3840 ad
701 3787 766 3841 libri
785 3789 931 3844 editionem
950 3789 1087 3843 redundet
1115 3833 1120 3845 .
1151 3834 1156 3845 .
1186 3834 1192 3846 .
1252 3792 1357 3846 29-57

330 3876 369 3932 II.
389 3875 461 3929 Num
471 3874 541 3928 liber
549 3876 661 3929 minoris
671 3891 752 3945 quam
761 3894 811 3946 par
821 3880 863 3931 est
872 3878 990 3932 ambitus
1001 3893 1059 3932 esse
1069 3878 1196 3932 videatur
1252 3881 1358 3935 58-74

190 3964 339 4032 Appendiu.
360 3965 400 4018 De
407 3963 543 4018 Martialis
553 3964 638 4033 epigr.
646 3963 719 4034 XIV,
730 3967 779 4020 193
790 3965 1203 4035 quodinscribitur„Tib1dlus“.
1252 3968 1357 4023 75-86

669 4200 879 4210 ...ιιι-...ηψ-
