2940 4890
1277 214 1319 279 55

150 387 221 453 Non
245 406 358 470 pauca.
372 393 480 454 autern
503 388 581 454 forti
603 389 775 454 tribuenda
804 395 879 456 sunt
889 390 922 472 ¹).
982 389 1053 455 Huc
1081 391 1206 456 accedit
1235 392 1321 474 quod

151 494 234 559 duae
270 512 385 560 causae
422 496 524 562 virum
559 495 688 560 doctum
725 492 988 561 confidentiorem
1026 494 1206 562 reddebant
1240 517 1320 579 quas

148 619 244 668 veras
269 620 339 668 esse
363 620 526 686 negamus.
573 598 732 680 Opinatur
748 600 834 664 enirn
857 602 922 682 ille,
947 605 984 665 ut
1006 600 1163 684 plerique,
1189 608 1222 669 et
1245 603 1321 669 libri

149 710 281 775 secundi
298 709 418 791 elegias
441 727 505 774 non
529 724 631 789 aeque
655 723 691 769 ao
714 706 857 789 reliquas
880 707 1061 789 (,Deliam“
1079 711 1272 790 praesertim
1288 717 1322 778 et

152 815 383 898 “Sulpiciam“)
399 816 528 881 limatas
545 830 670 880 esseae
685 813 864 894 perpolitae
881 819 915 878 et
930 813 1039 897 aliqua
1055 815 1182 881 ratione
1199 817 1320 900 cyclum

148 922 203 987 lib.
221 921 276 1003 IV,
299 925 384 986 2-7
417 922 557 1004 librique
584 920 716 988 secundi
752 939 881 987 carmen
915 921 948 986 ΙΙ
982 923 1204 1004 coniungenda
1239 943 1320 992 esse.

149 1030 212 1097 Sed
236 1031 264 1096 si
288 1030 501 1096 demonstrari
524 1033 635 1110 potest
657 1027 733 1092 libri
757 1029 889 1094 secundi
914 1029 1045 1111 elegias,
1071 1031 1264 1111 praesertim
1293 1032 1321 1097 si

149 1138 232 1203 liber
256 1157 275 1202 a
300 1137 425 1202 Tibullo
457 1136 563 1201 editus
595 1140 655 1218 ast,
685 1136 773 1216 ipsas
802 1154 899 1218 quam
934 1137 1145 1218 politissimos
1181 1157 1253 1204 esse
1288 1144 1321 1206 et

148 1242 230 1309 falso
256 1262 281 1310 c.
299 1243 331 1309 ΙΙ
358 1263 417 1324 suo
445 1243 515 1309 loco
543 1248 666 1308 motum
695 1261 808 1309 ossea
837 1244 958 1309 criticis
987 1243 1039 1328 (ci.
1057 1262 1140 1327 quae
1169 1246 1322 1311 adnotavi

150 1369 174 1416 s.
191 1371 222 1432 p.
242 1351 307 1434 26),
324 1369 533 1433 quaecunque
556 1351 606 1415 vir
630 1351 742 1415 doctus
767 1352 982 1432 comparando
1007 1350 1112 1418 effecit
1136 1357 1173 1417 ut
1198 1352 1320 1435 cyclum

148 1463 238 1523 ante
262 1457 379 1523 librum
403 1458 577 1523 secundum
600 1462 736 1539 poneret
759 1456 954 1535 claudicant3
979 1458 1090 1539 quiid
1114 1459 1199 1541 quod
1215 1459 1321 1542 cyclus

148 1567 181 1630 in
206 1566 383 1647 appendice
407 1564 590 1642 Tibulliana
613 1562 734 1645 legitur
758 1567 791 1628 et
814 1562 854 1627 ab
879 1561 993 1629 Ovidio
1018 1564 1147 1631 silentio
1171 1571 1318 1647 praeter·

148 1673 288 1738 mittitur
312 1673 345 1737 in
370 1671 514 1755 epicedio
539 1676 573 1734 et
596 1671 755 1752 quomodo
778 1669 812 1734 id
835 1668 954 1735 factum
980 1671 1032 1752 sit,
1057 1672 1142 1753 quod
1163 1692 1320 1740 summum

149 1797 221 1844 esse
244 1779 391 1861 diximus,
416 1800 480 1845 non
504 1778 656 1859 respexit.

237 1887 430 1954 Persuasum
454 1887 554 1969 igitur
577 1884 680 1951 habeo
706 1902 914 1967 quaecunque
938 1885 1005 1951 sive
1030 1904 1068 1951 ex
1085 1887 1230 1969 epicedio
1248 1886 1321 1953 Ovi·

149 1993 244 2058 diano
276 1993 343 2060 sive
373 1993 772 2077 (hocunusZingerleus)
798 2010 980 2074 exgenere
1008 1993 1135 2059 dicendi
1165 1994 1322 2061 librorum

150 2099 404 2166 Tibullianorum
433 2101 633 2183 collegerunt
662 2100 765 2165 critici
788 2104 825 2165 ut
847 2100 966 2164 librum
990 2103 1164 2168 secundum
1194 2107 1321 2171 extre·

148 2224 244 2269 mum
267 2204 367 2274 fuisse
384 2208 502 2274 Tibulli
519 2208 716 2290 opusculum,
739 2207 824 2290 quod
848 2206 1069 2289 imperfectum
1086 2211 1226 2277 moriens
1247 2211 1321 2277 reli·

149 2312 282 2394 quisset,
308 2333 347 2378 ea
369 2314 532 2381 reicienda
556 2333 628 2380 esse
652 2320 749 2396 atque
771 2315 856 2379 hunc
880 2334 1006 2397 quoque
1029 2317 1113 2383 sicut
1141 2319 1278 2399 primum
1302 2339 1321 2384 a

148 2425 246 2502 poeta
274 2420 452 2488 confectum
482 2427 515 2487 et
543 2423 664 2488 editum
697 2440 768 2488 esse
804 2440 842 2486 ex
872 2422 977 2487 Ovidii
1011 2424 1197 2490 testimonio
1233 2431 1321 2492 recte

148 2527 387 2595 demonstrasse
410 2530 488 2594 mihi
512 2520 649 2596 videor.¹
1148 2582 1150 2588 .

237 2635 356 2726 Pauca·
375 2619 491 2702 addam
520 2638 558 2702 de
591 2656 674 2702 anno
705 2636 866 2702 editionis.
925 2637 992 2702 lam
1021 2638 1100 2703 satis
1130 2643 1242 2704 notum
1272 2645 1321 2706 est

147 2744 181 2809 in
206 2743 319 2827 elegiis
342 2745 417 2810 libri
441 2745 574 2811 secundi
597 2745 702 2811 nullas
727 2743 795 2810 lere
818 2745 973 2826 temporis
991 2744 1195 2812 definitiones
1214 2752 1320 2813 certas

147 2852 222 2934 legi.
278 2851 389 2935 Neque
418 2853 502 2918 enim
526 2872 601 2918 num
630 2853 671 2918 ad
700 2859 823 2918 certum
853 2871 972 2917 annum
1000 2853 1196 2934 spectaverit
1223 2859 1321 2935 poeta

152 2977 224 3024 cum
246 2959 391 3025 Macrum
416 2966 681 3026 commemoraret
704 2980 794 3027 arma
818 2966 1006 3043 sequentem
1035 2961 1067 3025 in
1092 2979 1116 3027 c.
1132 2960 1186 3040 VI,
1218 2978 1321 3042 neque

149 3085 244 3148 quem
267 3066 358 3152 diem
375 3069 516 3133 natalem
539 3070 720 3150 respexerit
744 3068 885 3134 Cornuto
910 3069 1011 3134 amico
1040 3069 1095 3151 qui
1118 3068 1212 3133 modo
1241 3086 1320 3132 uxo-

147 3192 216 3238 rem
251 3173 387 3239 duxerat
422 3175 602 3256 gratulatus
639 3194 663 3240 c.
682 3175 714 3240 ΙΙ
746 3177 797 3258 (de
826 3175 842 3238 I
872 3173 909 3240 ci.
930 3194 955 3241 s.
979 3196 1010 3257 p.
1034 3179 1076 3241 26
1096 3175 1166 3256 sq),
1204 3194 1318 3257 neque,

149 3281 235 3362 quod
268 3284 404 3347 maxime
440 3282 594 3362 dolemus,
632 3301 694 3364 quo
735 3301 818 3347 anno
853 3282 1047 3348 Messalinus
1088 3282 1320 3364 quindecimvir

106 3383 108 3385 ’
148 3389 250 3454 sacris
273 3387 431 3455 faciundis
455 3389 559 3455 iactus
584 3391 627 3456 sit
651 3392 691 3476 (c.
710 3389 751 3471 V)
776 3394 913 3455 constat.
971 3389 1033 3455 Sed
1059 3389 1233 3471 contigerit
1255 3388 1320 3454 for-

148 3500 247 3577 tasse,
272 3497 299 3564 si
325 3517 379 3563 eos
404 3499 459 3580 qui
484 3499 655 3562 traduntur
680 3499 759 3562 certi
774 3497 827 3562 vel
851 3515 921 3562 cnm
946 3497 1176 3578 probabilitate
1200 3516 1219 3561 a
1242 3497 1319 3563 viris

148 3604 252 3668 doctis
276 3603 400 3670 definiti
425 3610 501 3670 sunt
523 3625 624 3671 annos
648 3606 688 3671 ad
706 3605 917 3670 Messalinum
934 3609 969 3669 et
989 3609 1116 3686 patrem
1134 3604 1319 3673 Messallam

148 3715 332 3791 spectantes
357 3714 585 3794 examinamus
614 3718 651 3777 ut
675 3730 777 3793 pauca
805 3729 875 3775 curn
904 3712 1011 3794 specie
1043 3711 1180 3794 quadam
1208 3712 1320 3776 verisi-

148 3819 340 3885 militudinis
366 3839 524 3885 eruamus.
573 3823 640 3885 Iam
666 3825 793 3885 constat
818 3819 1027 3885 Messalinum
1053 3819 1107 3900 qui
1133 3818 1235 3882 maior
1258 3816 1320 3882 fuit

149 3928 285 3992 duorum
313 3927 452 3993 filiorum
482 3947 510 3992 a.
530 3924 631 4014 asold
656 3928 819 3993 consulem
848 3925 962 4008 fuisse3
999 3923 1185 3993 Messallam
1211 3931 1319 3989 autem

1268 4147 1276 4161 0

1237 4196 1242 4208 Ι

222 4157 243 4227 ¹}
262 4156 321 4210 Hoc
340 4158 381 4210 vir
401 4156 497 4210 doctus
516 4157 574 4225 ipse
593 4155 764 4226 plurifariam
784 4155 909 4209 concedit
927 4154 973 4227 (cf.
986 4155 1003 4208 l.
1017 4154 1033 4210 l.
1049 4172 1075 4224 p.
1088 4157 1121 4210 57
1142 4158 1170 4207 et
1189 4155 1235 4224 62)
