2940 4890
1274 192 1314 254 81

145 373 224 436 mini
249 371 360 453 epico
386 369 473 455 (non
497 367 657 453 elegiis)
681 369 798 434 Tibulli
829 368 1005 449 elegiarum
1034 356 1109 432 libri
1133 368 1196 432 duo
1220 367 1317 449 primi

147 477 198 564 (cf.
217 497 242 543 e.
260 498 290 559 p.
310 479 351 542 65
369 476 453 560 sqq.)
479 481 693 559 opponantur,
718 494 821 558 neque
846 493 922 540 vero
946 474 998 539 hic
1021 474 1110 553 ordo,
1135 492 1194 556 per
1218 491 1253 538 se
1277 492 1318 539 ne

147 585 329 650 verisimilis
354 584 492 667 quidem,
517 588 626 665 potest
653 582 782 647 restitui
807 582 869 646 nisi
894 581 1031 646 sumitur
1055 599 1154 663 supra
1178 584 1211 646 et
1234 578 1319 644 inira

146 691 240 774 plura
264 690 434 769 excidisse3
461 689 580 754 etenim
603 694 640 753 ut
660 688 830 753 Menandri
847 688 961 754 Thaidi
985 692 1020 753 et
1041 686 1224 752 monobiblo
1240 687 1319 752 Pro-

146 797 244 879 pertii
273 797 356 862 dona
385 797 503 862 desunt
530 814 612 876 quac
638 799 842 877 opponantur
865 793 1069 877 pretiosiora,
1100 793 1148 858 ita
1172 791 1319 858 Ciceroni

148 905 264 968 donum
288 903 383 969 vilius
408 904 493 985 quod
517 901 712 995 respondeat
735 901 912 982 requiritur
937 897 990 986 (de
1013 898 1139 964 Catullo
1164 905 1197 964 et
1221 899 1318 966 Calvo

147 1009 184 1075 ci.
208 1012 228 1074 i.
251 1030 281 1092 p.
306 1010 346 1074 83
372 1009 443 1094 sq).
491 1009 717 1074 Dubitationes
748 1008 848 1086 igitur
876 1025 959 1089 quae
989 1011 1099 1072 extare
1127 1007 1319 1072 videbantur

146 1137 211 1183 non
239 1116 406 1196 tolluntur,
437 1116 532 1180 immo
562 1133 664 1180 novae
691 1118 857 1195 parantur.
905 1115 949 1179 At
977 1114 1004 1178 si
1027 1113 1088 1178 hoc
1116 1112 1221 1194 ipsum
1246 1131 1319 1179 con-

148 1224 273 1289 ceditur
305 1223 432 1288 omnino
461 1222 605 1304 potuisse
634 1219 720 1301 fieri,
751 1221 836 1302 quod
866 1218 1067 1300 crediderim,
1098 1237 1200 1300 aeque
1224 1238 1261 1285 ac
1284 1221 1318 1285 in

147 1330 220 1394 aliis
244 1329 320 1393 libri
345 1326 492 1411 partibus
521 1347 573 1394 res
598 1345 715 1410 genere
747 1327 893 1393 diversae
921 1330 958 1391 ut
987 1344 1051 1390 non
1075 1325 1178 1390 solum
1201 1330 1318 1407 poetae

147 1437 262 1517 poetis,
298 1436 444 1502 historici
479 1435 641 1502 historicis
682 1438 933 1517 opponerentur,
969 1433 1027 1498 sed
1065 1432 1164 1497 etiam
1202 1437 1319 1514 poetae

146 1542 310 1607 historicis
334 1547 367 1606 et
388 1543 459 1608 vice
482 1561 576 1608 versa
597 1541 744 1606 historici
766 1541 883 1622 poetis,
907 1541 971 1604 iam
996 1543 1246 1605 consentaneum
1270 1544 1320 1607 est

147 1645 286 1712 fabulam
304 1649 474 1713 Menandri
497 1665 556 1729 per
580 1665 615 1714 se
637 1648 906 1729 pretiosissimam
929 1647 1062 1712 minoris
1087 1651 1195 1712 tamen
1218 1645 1318 1714 luisse

149 1753 310 1833 Cicerone,
343 1756 410 1820 sive
438 1755 596 1819 credimus
629 1754 671 1818 ad
704 1755 887 1822 universum
918 1753 1104 1819 Ciceronem
1136 1753 1320 1818 Martialem

148 1858 345 1941 spectavisse
380 1859 447 1924 sive
489 1861 530 1924 ad
572 1860 737 1942 complura
776 1861 952 1941 volumina,
994 1879 1087 1941 quem
1131 1860 1186 1940 qui
1220 1859 1321 1926 habet

149 1966 295 2050 ‚lorcyum
328 1967 411 2028 olam
440 1978 604 2052 coepturus
637 1975 743 2047 ecsot“,
781 1966 859 2030 item
890 1967 1054 2048 Propertii
1090 1965 1318 2049 monobiblum,

148 2074 215 2138 sive
244 2071 362 2136 librum
389 2073 528 2154 primum
558 2073 644 2155 quod
672 2072 819 2154 plerique
848 2074 982 2138 credunt
1014 2072 1081 2138 sive
1109 2077 1212 2138 totum
1241 2073 1320 2137 Pro·

148 2180 288 2260 pertium
314 2217 350 2226 —
380 2180 464 2261 quod
488 2179 519 2246 h.
536 2181 557 2243 l.
584 2199 647 2245 non
672 2179 810 2244 diiudico
831 2198 950 2245 -non
974 2179 1022 2243 ita
1044 2177 1184 2261 amplum
1209 2197 1320 2261 quam·

148 2306 242 2368 quam
267 2287 499 2369 lepidissimum
523 2306 622 2368 opere
645 2285 738 2365 Livii,
765 2284 963 2365 Sallustium,
988 2285 1182 2366 praesertim
1205 2285 1233 2351 si
1256 2303 1320 2349 non

147 2398 235 2458 totus
258 2394 315 2458 sed
330 2393 540 2457 historiarum
555 2392 631 2457 libri
647 2392 789 2472 quinque
806 2389 1039 2473 significantur,
1064 2390 1198 2457 minoris
1215 2390 1321 2456 Ovidii

147 2499 462 2581 Metamorphosibus
487 2497 705 2563 celeberrimis
735 2497 917 2579 quindecim
945 2496 1046 2563 libros
1071 2495 1320 2564 continentibus.

147 2609 235 2672 Haec
259 2605 359 2686 igitur
388 2606 472 2669 dona
499 2605 574 2670 inde
604 2624 623 2669 a
649 2605 711 2669 187
741 2604 781 2668 ad
809 2605 871 2667 192
895 2621 1017 2685 perse
1047 2605 1154 2669 omnia
1177 2605 1321 2686 pretiosa

148 2720 236 2795 sunt,
267 2731 349 2796 quae
372 2717 481 2778 tamen
505 2711 679 2792 Martialis,
710 2710 840 2793 opinor,
864 2711 912 2776 ita
942 2711 1078 2792 digessit
1105 2715 1142 2775 ut
1165 2710 1257 2774 diviti
1283 2727 1322 2774 ea

148 2841 230 2905 quae
259 2820 381 2886 ambitu
411 2838 537 2902 quoque
566 2820 690 2883 maiora
718 2822 802 2898 sunt,
832 2818 969 2900 pauperi
999 2834 1082 2899 quae
1110 2816 1235 2881 minora
1262 2816 1321 2880 tri·

148 2929 270 2994 bueret.
328 2928 372 3013 Et
407 2945 600 3009 quamquam
636 2926 749 3009 negari
784 2943 848 2990 non
883 2929 992 3007 potest
1028 2926 1182 3006 quattuor
1216 2923 1321 3005 prima

153 3035 334 3108 183-186,
360 3051 431 3098 cum
446 3038 618 3114 utrumque
634 3033 774 3115 pretium
793 3033 839 3114 (et
855 3032 941 3113 quod
957 3034 1085 3113 spectat
1108 3031 1149 3094 ad
1165 3030 1320 3095 ambitum

149 3141 297 3222 quodque
321 3140 361 3204 ad
378 3139 581 3221 qualitatem)
606 3141 688 3205 bene
712 3139 869 3219 concidat,
895 3138 1023 3219 aptiora
1046 3136 1139 3202 nobis
1160 3137 1319 3202 iudicibus

148 3247 250 3311 videri
275 3263 357 3327 quae
381 3249 585 3327 opponantur
613 3265 709 3328 quam
737 3245 816 3312 hacc
852 3243 1041 3323 lac-192,
1075 3247 1181 3306 tamen
1213 3242 1246 3306 in
1269 3239 1320 3307 his

149 3373 231 3437 quae
265 3354 401 3418 alteram
437 3353 657 3419 tantummodo
693 3352 852 3418 rationem
887 3355 1063 3432 sequantur
1096 3369 1160 3414 uon
1190 3350 1319 3430 gravius

148 3461 317 3527 haeserim.
364 3460 401 3524 Id
431 3466 538 3526 autem
563 3466 685 3526 certum
720 3463 770 3524 est
802 3458 900 3523 Birtii
928 3457 1082 3538 rationes,
1119 3458 1146 3521 si
1173 3461 1320 3521 tenemus

148 3568 366 3632 membranam
383 3566 486 3647 pluris
509 3566 608 3633 fuisse
631 3586 764 3650 papyro,
789 3566 969 3632 reiciendas
994 3584 1079 3644 esse3
1105 3581 1210 3646 neque
1235 3563 1319 3626 enim

148 3675 323 3757 quidquam
357 3673 422 3736 iam
456 3677 560 3736 restat
594 3676 662 3736 tum
698 3674 784 3754 quod
818 3674 934 3754 probet
964 3671 1133 3736 Menandri
1165 3669 1319 3735 Thaidem

149 3780 312 3860 Cicerone,
338 3777 500 3860 Propertii
516 3777 734 3842 monobiblum
750 3778 852 3860 Livio,
878 3778 993 3844 Ouidio
1011 3777 1200 3842 Sallustium
1216 3776 1318 3857 pluris

148 3888 300 3951 habuisse
326 3885 508 3951 Martialem
533 3889 566 3949 et
589 3885 680 3950 diviti
698 3884 858 3951 tribuisse.
899 3887 942 3950 Et
956 3885 1081 3948 accedit
1097 3883 1182 3966 quod
1198 3883 1318 3947 extrin-

149 4011 240 4058 secus
257 3992 388 4073 probari
404 3992 532 4057 videtur
549 3991 703 4071 ordinem,
729 3991 783 4071 qui
799 3991 918 4071 legitur
934 3993 968 4057 in
986 3989 1158 4070 codicibus,
1183 4007 1317 4071 prorsus

149 4102 310 4181 integrum
334 4116 414 4164 esse.
454 4098 604 4182 Legimus
629 4098 770 4166 enimin
795 4096 909 4179 titulis,
935 4097 1125 4179 dequibus,
1152 4096 1316 4179 cumipse

1140 4212 1156 4264 c
