<?xml version="1.0" encoding="UTF-8"?>
<!DOCTYPE html PUBLIC "-//W3C//DTD XHTML 1.0 Transitional//EN"
    "http://www.w3.org/TR/xhtml1/DTD/xhtml1-transitional.dtd">
<html xmlns="http://www.w3.org/1999/xhtml" xml:lang="en" lang="en">
 <head>
  <title>
</title>
<meta http-equiv="Content-Type" content="text/html;charset=utf-8" />
  <meta name='ocr-system' content='tesseract 3.04.00' />
  <meta name='ocr-capabilities' content='ocr_page ocr_carea ocr_par ocr_line ocrx_word'/>
</head>
<body>
  <div class='ocr_page' id='page_1' title='image "./studiatibullian00ullrgoog_0088.png"; bbox 0 0 2940 4890; ppageno 0'>
   <div class='ocr_carea' id='block_1_1' title="bbox 1278 212 1318 276">
    <p class='ocr_par' dir='ltr' id='par_1_1' title="bbox 1278 212 1318 276">
     <span class='ocr_line' id='line_1_1' title="bbox 1278 212 1318 276; baseline -0.075 0"><span class='ocrx_word' id='word_1_1' title='bbox 1278 212 1318 276; x_wconf 85' lang='grc'><strong>83</strong></span> 
     </span>
    </p>
   </div>
   <div class='ocr_carea' id='block_1_2' title="bbox 146 390 1323 1434">
    <p class='ocr_par' dir='ltr' id='par_1_2' title="bbox 146 390 1323 1434">
     <span class='ocr_line' id='line_1_2' title="bbox 146 390 1318 475; baseline -0.003 -18"><span class='ocrx_word' id='word_1_2' title='bbox 146 392 493 475; x_wconf 80' lang='grc'><strong>66116161,16116116116</strong></span> <span class='ocrx_word' id='word_1_3' title='bbox 510 411 581 458; x_wconf 86' lang='grc'><strong>6666</strong></span> <span class='ocrx_word' id='word_1_4' title='bbox 598 392 744 457; x_wconf 88' lang='lat' dir='ltr'><strong>existimo</strong></span> <span class='ocrx_word' id='word_1_5' title='bbox 762 392 945 457; x_wconf 82' lang='lat' dir='ltr'>Martialem</span> <span class='ocrx_word' id='word_1_6' title='bbox 960 390 1019 456; x_wconf 93' lang='lat' dir='ltr'><strong>hos</strong></span> <span class='ocrx_word' id='word_1_7' title='bbox 1038 397 1193 473; x_wconf 90' lang='lat' dir='ltr'><strong>quattuor</strong></span> <span class='ocrx_word' id='word_1_8' title='bbox 1216 391 1318 471; x_wconf 89' lang='lat' dir='ltr'><strong>scrip-</strong></span> 
     </span>
     <span class='ocr_line' id='line_1_3' title="bbox 146 496 1322 581; baseline -0.004 -17"><span class='ocrx_word' id='word_1_9' title='bbox 146 505 232 565; x_wconf 89' lang='lat' dir='ltr'><strong>tores</strong></span> <span class='ocrx_word' id='word_1_10' title='bbox 263 500 408 581; x_wconf 89' lang='lat' dir='ltr'><strong>ipsorum</strong></span> <span class='ocrx_word' id='word_1_11' title='bbox 435 501 541 581; x_wconf 88' lang='lat' dir='ltr'><strong>pretio</strong></span> <span class='ocrx_word' id='word_1_12' title='bbox 572 500 678 564; x_wconf 90' lang='lat' dir='ltr'><strong>metiri</strong></span> <span class='ocrx_word' id='word_1_13' title='bbox 708 500 848 565; x_wconf 88' lang='lat' dir='ltr'><strong>voluisse</strong></span> <span class='ocrx_word' id='word_1_14' title='bbox 881 498 992 578; x_wconf 89' lang='lat' dir='ltr'><strong>itaque</strong></span> <span class='ocrx_word' id='word_1_15' title='bbox 1022 500 1077 579; x_wconf 90' lang='lat' dir='ltr'><strong>qui</strong></span> <span class='ocrx_word' id='word_1_16' title='bbox 1107 498 1240 561; x_wconf 89' lang='lat' dir='ltr'><strong>minoris</strong></span> <span class='ocrx_word' id='word_1_17' title='bbox 1270 496 1322 559; x_wconf 76' lang='lat' dir='ltr'><strong>in-</strong></span> 
     </span>
     <span class='ocr_line' id='line_1_4' title="bbox 146 602 1317 689; baseline -0.005 -17"><span class='ocrx_word' id='word_1_18' title='bbox 146 607 231 686; x_wconf 82' lang='lat' dir='ltr'><strong>genii</strong></span> <span class='ocrx_word' id='word_1_19' title='bbox 255 605 384 672; x_wconf 89' lang='lat' dir='ltr'><strong>fuerunt</strong></span> <span class='ocrx_word' id='word_1_20' title='bbox 407 607 554 689; x_wconf 89' lang='lat' dir='ltr'><strong>pauperi,</strong></span> <span class='ocrx_word' id='word_1_21' title='bbox 580 606 635 687; x_wconf 91' lang='lat' dir='ltr'><strong>qui</strong></span> <span class='ocrx_word' id='word_1_22' title='bbox 651 607 789 686; x_wconf 89' lang='lat' dir='ltr'><strong>spectati</strong></span> <span class='ocrx_word' id='word_1_23' title='bbox 806 603 937 669; x_wconf 86' lang='lat' dir='ltr'><strong>fuerunt</strong></span> <span class='ocrx_word' id='word_1_24' title='bbox 960 622 1015 670; x_wconf 89' lang='grc'><strong>666</strong></span> <span class='ocrx_word' id='word_1_25' title='bbox 1041 605 1133 669; x_wconf 91' lang='lat' dir='ltr'><strong>diviti</strong></span> <span class='ocrx_word' id='word_1_26' title='bbox 1152 602 1317 668; x_wconf 86' lang='lat' dir='ltr'><strong>tribuisse.</strong></span> 
     </span>
     <span class='ocr_line' id='line_1_5' title="bbox 146 709 1321 794; baseline -0.004 -17"><span class='ocrx_word' id='word_1_27' title='bbox 146 713 235 791; x_wconf 80' lang='lat' dir='ltr'><strong>Quae</strong></span> <span class='ocrx_word' id='word_1_28' title='bbox 252 714 381 794; x_wconf 90' lang='lat' dir='ltr'><strong>quidem</strong></span> <span class='ocrx_word' id='word_1_29' title='bbox 397 714 481 778; x_wconf 89' lang='lat' dir='ltr'><strong>ratio</strong></span> <span class='ocrx_word' id='word_1_30' title='bbox 499 712 603 794; x_wconf 91' lang='lat' dir='ltr'><strong>qualis</strong></span> <span class='ocrx_word' id='word_1_31' title='bbox 616 709 724 791; x_wconf 86' lang='lat' dir='ltr'><strong>fuerit,</strong></span> <span class='ocrx_word' id='word_1_32' title='bbox 738 711 765 776; x_wconf 89' lang='lat' dir='ltr'><strong>si</strong></span> <span class='ocrx_word' id='word_1_33' title='bbox 783 730 846 777; x_wconf 93' lang='lat' dir='ltr'><strong>non</strong></span> <span class='ocrx_word' id='word_1_34' title='bbox 863 730 902 775; x_wconf 87' lang='lat' dir='ltr'><strong>ex</strong></span> <span class='ocrx_word' id='word_1_35' title='bbox 917 713 988 793; x_wconf 89' lang='lat' dir='ltr'><strong>ipso</strong></span> <span class='ocrx_word' id='word_1_36' title='bbox 1005 711 1101 777; x_wconf 92' lang='lat' dir='ltr'><strong>titulo</strong></span> <span class='ocrx_word' id='word_1_37' title='bbox 1121 711 1175 792; x_wconf 92' lang='lat' dir='ltr'><strong>qui</strong></span> <span class='ocrx_word' id='word_1_38' title='bbox 1191 714 1321 792; x_wconf 88' lang='lat' dir='ltr'><strong>poetam</strong></span> 
     </span>
     <span class='ocr_line' id='line_1_6' title="bbox 146 817 1323 901; baseline -0.005 -15"><span class='ocrx_word' id='word_1_39' title='bbox 146 821 292 886; x_wconf 91' lang='lat' dir='ltr'><strong>nominat</strong></span> <span class='ocrx_word' id='word_1_40' title='bbox 315 824 432 901; x_wconf 83' lang='lat' dir='ltr'><strong>,tamen</strong></span> <span class='ocrx_word' id='word_1_41' title='bbox 469 839 507 885; x_wconf 84' lang='lat' dir='ltr'><strong>ex</strong></span> <span class='ocrx_word' id='word_1_42' title='bbox 542 819 712 885; x_wconf 80' lang='lat' dir='ltr'>sententiis</span> <span class='ocrx_word' id='word_1_43' title='bbox 748 836 831 900; x_wconf 88' lang='lat' dir='ltr'><strong>quae</strong></span> <span class='ocrx_word' id='word_1_44' title='bbox 860 819 969 882; x_wconf 92' lang='lat' dir='ltr'><strong>insunt</strong></span> <span class='ocrx_word' id='word_1_45' title='bbox 1003 819 1035 882; x_wconf 94' lang='lat' dir='ltr'><strong>in</strong></span> <span class='ocrx_word' id='word_1_46' title='bbox 1064 817 1250 882; x_wconf 81' lang='lat' dir='ltr'>hexametro</span> <span class='ocrx_word' id='word_1_47' title='bbox 1288 821 1323 881; x_wconf 91' lang='lat' dir='ltr'><strong>et</strong></span> 
     </span>
     <span class='ocr_line' id='line_1_7' title="bbox 147 925 1322 1007; baseline -0.001 -17"><span class='ocrx_word' id='word_1_48' title='bbox 147 931 348 1007; x_wconf 80' lang='lat' dir='ltr'><strong>pentametro</strong></span> <span class='ocrx_word' id='word_1_49' title='bbox 366 945 436 991; x_wconf 91' lang='lat' dir='ltr'><strong>cum</strong></span> <span class='ocrx_word' id='word_1_50' title='bbox 453 925 684 1006; x_wconf 82' lang='lat' dir='ltr'><strong>probabilitate</strong></span> <span class='ocrx_word' id='word_1_51' title='bbox 702 925 829 989; x_wconf 89' lang='lat' dir='ltr'><strong>videtur</strong></span> <span class='ocrx_word' id='word_1_52' title='bbox 852 943 1019 1006; x_wconf 90' lang='lat' dir='ltr'><strong>apparere.</strong></span> <span class='ocrx_word' id='word_1_53' title='bbox 1058 925 1186 989; x_wconf 84' lang='lat' dir='ltr'><strong>Etenim</strong></span> <span class='ocrx_word' id='word_1_54' title='bbox 1212 943 1322 1005; x_wconf 87' lang='lat' dir='ltr'><strong>quarn-</strong></span> 
     </span>
     <span class='ocr_line' id='line_1_8' title="bbox 150 1030 1320 1114; baseline -0.002 -18"><span class='ocrx_word' id='word_1_55' title='bbox 150 1051 245 1114; x_wconf 91' lang='lat' dir='ltr'><strong>quam</strong></span> <span class='ocrx_word' id='word_1_56' title='bbox 268 1031 361 1096; x_wconf 86' lang='lat' dir='ltr'><strong>facile</strong></span> <span class='ocrx_word' id='word_1_57' title='bbox 385 1033 573 1097; x_wconf 84' lang='lat' dir='ltr'><strong>adducimur</strong></span> <span class='ocrx_word' id='word_1_58' title='bbox 600 1037 637 1096; x_wconf 92' lang='lat' dir='ltr'><strong>ut</strong></span> <span class='ocrx_word' id='word_1_59' title='bbox 660 1031 901 1113; x_wconf 90' lang='lat' dir='ltr'><strong>aequabilitatis</strong></span> <span class='ocrx_word' id='word_1_60' title='bbox 924 1030 1046 1097; x_wconf 86' lang='lat' dir='ltr'><strong>formae</strong></span> <span class='ocrx_word' id='word_1_61' title='bbox 1070 1032 1231 1096; x_wconf 90' lang='lat' dir='ltr'><strong>rationem</strong></span> <span class='ocrx_word' id='word_1_62' title='bbox 1254 1030 1274 1094; x_wconf 95' lang='grc'><strong>1.</strong></span> <span class='ocrx_word' id='word_1_63' title='bbox 1294 1048 1320 1094; x_wconf 84' lang='lat' dir='ltr'><strong>e.</strong></span> 
     </span>
     <span class='ocr_line' id='line_1_9' title="bbox 150 1138 1322 1238; baseline -0.003 -35"><span class='ocrx_word' id='word_1_64' title='bbox 150 1139 294 1203; x_wconf 88' lang='lat' dir='ltr'><strong>ordinem</strong></span> <span class='ocrx_word' id='word_1_65' title='bbox 319 1139 379 1237; x_wconf 56' lang='grc'><strong>91)</strong></span> <span class='ocrx_word' id='word_1_66' title='bbox 409 1138 479 1238; x_wconf 57' lang='lat' dir='ltr'><strong>Rp,</strong></span> <span class='ocrx_word' id='word_1_67' title='bbox 509 1138 626 1219; x_wconf 91' lang='lat' dir='ltr'><strong>quippe</strong></span> <span class='ocrx_word' id='word_1_68' title='bbox 651 1139 705 1218; x_wconf 90' lang='lat' dir='ltr'><strong>qui</strong></span> <span class='ocrx_word' id='word_1_69' title='bbox 736 1138 810 1202; x_wconf 92' lang='lat' dir='ltr'><strong>inde</strong></span> <span class='ocrx_word' id='word_1_70' title='bbox 834 1157 853 1201; x_wconf 90' lang='lat' dir='ltr'><strong>a</strong></span> <span class='ocrx_word' id='word_1_71' title='bbox 880 1140 942 1203; x_wconf 87' lang='lat'><strong>183</strong></span> <span class='ocrx_word' id='word_1_72' title='bbox 966 1158 1068 1220; x_wconf 89' lang='lat' dir='ltr'><strong>usque</strong></span> <span class='ocrx_word' id='word_1_73' title='bbox 1093 1139 1134 1203; x_wconf 92' lang='lat' dir='ltr'><strong>ad</strong></span> <span class='ocrx_word' id='word_1_74' title='bbox 1163 1139 1224 1201; x_wconf 78' lang='lat'><strong>192</strong></span> <span class='ocrx_word' id='word_1_75' title='bbox 1250 1155 1322 1200; x_wconf 93' lang='lat' dir='ltr'><strong>con-</strong></span> 
     </span>
     <span class='ocr_line' id='line_1_10' title="bbox 150 1243 1322 1327; baseline -0.001 -18"><span class='ocrx_word' id='word_1_76' title='bbox 150 1250 275 1309; x_wconf 88' lang='lat' dir='ltr'><strong>stanter</strong></span> <span class='ocrx_word' id='word_1_77' title='bbox 292 1252 447 1327; x_wconf 87' lang='lat' dir='ltr'><strong>servetur,</strong></span> <span class='ocrx_word' id='word_1_78' title='bbox 472 1247 512 1309; x_wconf 90' lang='lat' dir='ltr'><strong>ad</strong></span> <span class='ocrx_word' id='word_1_79' title='bbox 536 1246 661 1326; x_wconf 88' lang='lat' dir='ltr'><strong>reliqua</strong></span> <span class='ocrx_word' id='word_1_80' title='bbox 685 1265 811 1327; x_wconf 88' lang='lat' dir='ltr'><strong>quoque</strong></span> <span class='ocrx_word' id='word_1_81' title='bbox 836 1246 919 1311; x_wconf 89' lang='lat' dir='ltr'><strong>dona</strong></span> <span class='ocrx_word' id='word_1_82' title='bbox 938 1247 1112 1311; x_wconf 88' lang='grc'><strong>193-196</strong></span> <span class='ocrx_word' id='word_1_83' title='bbox 1136 1243 1322 1324; x_wconf 70' lang='lat' dir='ltr'><strong>referamus²</strong></span> 
     </span>
     <span class='ocr_line' id='line_1_11' title="bbox 149 1352 817 1434; baseline 0.001 -17"><span class='ocrx_word' id='word_1_84' title='bbox 149 1357 258 1418; x_wconf 89' lang='lat' dir='ltr'><strong>tamen</strong></span> <span class='ocrx_word' id='word_1_85' title='bbox 283 1353 310 1416; x_wconf 93' lang='lat' dir='ltr'><strong>si</strong></span> <span class='ocrx_word' id='word_1_86' title='bbox 334 1354 525 1434; x_wconf 78' lang='lat' dir='ltr'><strong>respicimus</strong></span> <span class='ocrx_word' id='word_1_87' title='bbox 550 1352 628 1434; x_wconf 91' lang='lat' dir='ltr'><strong>quid</strong></span> <span class='ocrx_word' id='word_1_88' title='bbox 652 1358 817 1418; x_wconf 85' lang='lat' dir='ltr'><strong>nascatur:</strong></span> 
     </span>
    </p>
   </div>
   <div class='ocr_carea' id='block_1_3' title="bbox 155 1491 1325 1794">
    <p class='ocr_par' dir='ltr' id='par_1_3' title="bbox 155 1491 1325 1794">
     <span class='ocr_line' id='line_1_12' title="bbox 403 1491 1078 1579; baseline 0.001 -1"><span class='ocrx_word' id='word_1_89' title='bbox 403 1494 462 1579; x_wconf 84' lang='lat' dir='ltr'><strong>(P)</strong></span> <span class='ocrx_word' id='word_1_90' title='bbox 1017 1491 1078 1579; x_wconf 76' lang='lat' dir='ltr'><strong>(D)</strong></span> 
     </span>
     <span class='ocr_line' id='line_1_13' title="bbox 155 1601 1024 1668; baseline 0 -5"><span class='ocrx_word' id='word_1_91' title='bbox 155 1601 226 1668; x_wconf 83' lang='lat'><strong>193.</strong></span> <span class='ocrx_word' id='word_1_92' title='bbox 257 1602 403 1665; x_wconf 70' lang='grc'><strong>71161166.</strong></span> <span class='ocrx_word' id='word_1_93' title='bbox 767 1604 839 1666; x_wconf 89' lang='grc'><strong>194.</strong></span> <span class='ocrx_word' id='word_1_94' title='bbox 864 1601 1024 1664; x_wconf 79' lang='lat' dir='ltr'><strong>Lucanus.</strong></span> 
     </span>
     <span class='ocr_line' id='line_1_14' title="bbox 155 1705 1325 1794; baseline -0.001 -24"><span class='ocrx_word' id='word_1_95' title='bbox 155 1709 226 1771; x_wconf 79' lang='grc'><strong>195.</strong></span> <span class='ocrx_word' id='word_1_96' title='bbox 253 1707 397 1772; x_wconf 80' lang='lat' dir='ltr'><strong>Catullus.</strong></span> <span class='ocrx_word' id='word_1_97' title='bbox 767 1710 839 1774; x_wconf 87' lang='grc'><strong>196.</strong></span> <span class='ocrx_word' id='word_1_98' title='bbox 867 1705 953 1771; x_wconf 79' lang='lat' dir='ltr'><strong>Calui</strong></span> <span class='ocrx_word' id='word_1_99' title='bbox 987 1709 1024 1770; x_wconf 83' lang='lat' dir='ltr'><strong>de</strong></span> <span class='ocrx_word' id='word_1_100' title='bbox 1059 1731 1158 1793; x_wconf 82' lang='lat' dir='ltr'><strong>aquae</strong></span> <span class='ocrx_word' id='word_1_101' title='bbox 1182 1709 1325 1794; x_wconf 73' lang='lat' dir='ltr'><strong>fripidue</strong></span> 
     </span>
    </p>
   </div>
   <div class='ocr_carea' id='block_1_4' title="bbox 152 1837 1332 4019">
    <p class='ocr_par' dir='ltr' id='par_1_4' title="bbox 152 1837 1332 4019">
     <span class='ocr_line' id='line_1_15' title="bbox 869 1837 936 1880; baseline 0.075 -5"><span class='ocrx_word' id='word_1_102' title='bbox 869 1837 936 1880; x_wconf 75' lang='grc'><strong>11811.</strong></span> 
     </span>
     <span class='ocr_line' id='line_1_16' title="bbox 153 1918 1326 2002; baseline 0.002 -20"><span class='ocrx_word' id='word_1_103' title='bbox 153 1918 336 1984; x_wconf 90' lang='lat' dir='ltr'><strong>dubitemus</strong></span> <span class='ocrx_word' id='word_1_104' title='bbox 373 1925 510 2001; x_wconf 88' lang='lat' dir='ltr'><strong>oportet.</strong></span> <span class='ocrx_word' id='word_1_105' title='bbox 569 1920 646 1998; x_wconf 79' lang='lat' dir='ltr'><strong>Quis</strong></span> <span class='ocrx_word' id='word_1_106' title='bbox 683 1920 767 1984; x_wconf 89' lang='lat' dir='ltr'><strong>enim</strong></span> <span class='ocrx_word' id='word_1_107' title='bbox 799 1920 973 1985; x_wconf 90' lang='lat' dir='ltr'><strong>crediderit</strong></span> <span class='ocrx_word' id='word_1_108' title='bbox 1003 1921 1166 1986; x_wconf 90' lang='lat' dir='ltr'><strong>Lucanum</strong></span> <span class='ocrx_word' id='word_1_109' title='bbox 1197 1925 1326 2002; x_wconf 87' lang='lat' dir='ltr'><strong>poetam</strong></span> 
     </span>
     <span class='ocr_line' id='line_1_17' title="bbox 152 2026 1324 2110; baseline 0.003 -21"><span class='ocrx_word' id='word_1_110' title='bbox 152 2026 345 2091; x_wconf 90' lang='lat' dir='ltr'><strong>mediocrem</strong></span> <span class='ocrx_word' id='word_1_111' title='bbox 369 2047 388 2092; x_wconf 94' lang='lat' dir='ltr'><strong>a</strong></span> <span class='ocrx_word' id='word_1_112' title='bbox 409 2027 559 2092; x_wconf 82' lang='lat' dir='ltr'><strong>Martiale</strong></span> <span class='ocrx_word' id='word_1_113' title='bbox 582 2027 684 2109; x_wconf 91' lang='lat' dir='ltr'><strong>pluris</strong></span> <span class='ocrx_word' id='word_1_114' title='bbox 711 2027 856 2092; x_wconf 90' lang='lat' dir='ltr'><strong>habitum</strong></span> <span class='ocrx_word' id='word_1_115' title='bbox 879 2046 949 2093; x_wconf 88' lang='grc'><strong>6666</strong></span> <span class='ocrx_word' id='word_1_116' title='bbox 967 2028 1093 2093; x_wconf 90' lang='lat' dir='ltr'><strong>Tibullo</strong></span> <span class='ocrx_word' id='word_1_117' title='bbox 1115 2028 1324 2110; x_wconf 80' lang='lat' dir='ltr'><strong>lepidissimo,</strong></span> 
     </span>
     <span class='ocr_line' id='line_1_18' title="bbox 154 2132 1326 2218; baseline 0.002 -22"><span class='ocrx_word' id='word_1_118' title='bbox 154 2132 242 2198; x_wconf 79' lang='lat' dir='ltr'><strong>Calvi</strong></span> <span class='ocrx_word' id='word_1_119' title='bbox 283 2153 411 2199; x_wconf 89' lang='lat' dir='ltr'><strong>carmen</strong></span> <span class='ocrx_word' id='word_1_120' title='bbox 450 2135 611 2217; x_wconf 88' lang='lat' dir='ltr'><strong>quoddam</strong></span> <span class='ocrx_word' id='word_1_121' title='bbox 651 2133 856 2218; x_wconf 84' lang='lat' dir='ltr'><strong>(didacticum</strong></span> <span class='ocrx_word' id='word_1_122' title='bbox 891 2135 1029 2218; x_wconf 86' lang='lat' dir='ltr'><strong>videtur)</strong></span> <span class='ocrx_word' id='word_1_123' title='bbox 1065 2135 1166 2218; x_wconf 90' lang='lat' dir='ltr'><strong>pluris</strong></span> <span class='ocrx_word' id='word_1_124' title='bbox 1208 2134 1326 2200; x_wconf 78' lang='lat' dir='ltr'><strong>Catulli</strong></span> 
     </span>
     <span class='ocr_line' id='line_1_19' title="bbox 153 2239 1325 2324; baseline 0.003 -22"><span class='ocrx_word' id='word_1_125' title='bbox 153 2239 236 2304; x_wconf 94' lang='lat' dir='ltr'><strong>libro</strong></span> <span class='ocrx_word' id='word_1_126' title='bbox 254 2260 350 2307; x_wconf 92' lang='lat' dir='ltr'><strong>verae</strong></span> <span class='ocrx_word' id='word_1_127' title='bbox 364 2261 500 2324; x_wconf 87' lang='lat' dir='ltr'><strong>poeseos</strong></span> <span class='ocrx_word' id='word_1_128' title='bbox 524 2242 735 2324; x_wconf 82' lang='lat' dir='ltr'><strong>plenissimo?</strong></span> <span class='ocrx_word' id='word_1_129' title='bbox 765 2244 802 2307; x_wconf 93' lang='lat' dir='ltr'><strong>In</strong></span> <span class='ocrx_word' id='word_1_130' title='bbox 825 2242 876 2307; x_wconf 93' lang='lat' dir='ltr'><strong>his</strong></span> <span class='ocrx_word' id='word_1_131' title='bbox 901 2242 1030 2322; x_wconf 90' lang='lat' dir='ltr'><strong>quidem</strong></span> <span class='ocrx_word' id='word_1_132' title='bbox 1054 2243 1185 2324; x_wconf 85' lang='lat' dir='ltr'><strong>optime,</strong></span> <span class='ocrx_word' id='word_1_133' title='bbox 1212 2244 1325 2323; x_wconf 90' lang='lat' dir='ltr'><strong>opinor</strong></span> 
     </span>
     <span class='ocr_line' id='line_1_20' title="bbox 155 2348 1326 2431; baseline 0.002 -21"><span class='ocrx_word' id='word_1_134' title='bbox 155 2349 367 2427; x_wconf 85' lang='lat' dir='ltr'><strong>cognoscitur,</strong></span> <span class='ocrx_word' id='word_1_135' title='bbox 392 2368 454 2429; x_wconf 91' lang='lat' dir='ltr'><strong>quo</strong></span> <span class='ocrx_word' id='word_1_136' title='bbox 472 2351 555 2414; x_wconf 93' lang='lat' dir='ltr'><strong>ratio</strong></span> <span class='ocrx_word' id='word_1_137' title='bbox 579 2348 712 2413; x_wconf 89' lang='lat' dir='ltr'><strong>lacunas</strong></span> <span class='ocrx_word' id='word_1_138' title='bbox 729 2349 903 2430; x_wconf 79' lang='lat' dir='ltr'><strong>statuendi,</strong></span> <span class='ocrx_word' id='word_1_139' title='bbox 929 2368 1098 2431; x_wconf 90' lang='lat' dir='ltr'><strong>quaecum</strong></span> <span class='ocrx_word' id='word_1_140' title='bbox 1125 2350 1187 2413; x_wconf 78' lang='lat'><strong>192</strong></span> <span class='ocrx_word' id='word_1_141' title='bbox 1205 2350 1245 2413; x_wconf 90' lang='lat' dir='ltr'><strong>ad</strong></span> <span class='ocrx_word' id='word_1_142' title='bbox 1265 2349 1326 2413; x_wconf 89' lang='grc'><strong>193</strong></span> 
     </span>
     <span class='ocr_line' id='line_1_21' title="bbox 155 2455 1327 2538; baseline 0.003 -21"><span class='ocrx_word' id='word_1_143' title='bbox 155 2489 193 2497; x_wconf 87' lang='grc'><strong>-</strong></span> <span class='ocrx_word' id='word_1_144' title='bbox 202 2473 265 2518; x_wconf 93' lang='grc'><strong>666</strong></span> <span class='ocrx_word' id='word_1_145' title='bbox 279 2455 906 2536; x_wconf 82' lang='lat' dir='ltr'><strong>recte-rettulissetcogebatur195ab</strong></span> <span class='ocrx_word' id='word_1_146' title='bbox 918 2458 979 2520; x_wconf 86' lang='grc'><strong>196</strong></span> <span class='ocrx_word' id='word_1_147' title='bbox 992 2456 1171 2538; x_wconf 85' lang='lat' dir='ltr'><strong>seiungere,</strong></span> <span class='ocrx_word' id='word_1_148' title='bbox 1181 2456 1327 2520; x_wconf 92' lang='lat' dir='ltr'><strong>deducat.</strong></span> 
     </span>
     <span class='ocr_line' id='line_1_22' title="bbox 153 2560 1327 2644; baseline 0.004 -22"><span class='ocrx_word' id='word_1_149' title='bbox 153 2560 199 2623; x_wconf 83' lang='lat' dir='ltr'><strong>Ac</strong></span> <span class='ocrx_word' id='word_1_150' title='bbox 223 2560 362 2640; x_wconf 91' lang='lat' dir='ltr'><strong>primum</strong></span> <span class='ocrx_word' id='word_1_151' title='bbox 386 2561 525 2642; x_wconf 85' lang='lat' dir='ltr'><strong>quidem,</strong></span> <span class='ocrx_word' id='word_1_152' title='bbox 550 2566 587 2626; x_wconf 88' lang='lat' dir='ltr'><strong>ut</strong></span> <span class='ocrx_word' id='word_1_153' title='bbox 611 2580 649 2625; x_wconf 86' lang='grc'><strong>61</strong></span> <span class='ocrx_word' id='word_1_154' title='bbox 673 2560 737 2626; x_wconf 91' lang='lat' dir='ltr'><strong>fine</strong></span> <span class='ocrx_word' id='word_1_155' title='bbox 761 2562 888 2626; x_wconf 93' lang='lat' dir='ltr'><strong>initium</strong></span> <span class='ocrx_word' id='word_1_156' title='bbox 913 2564 1047 2644; x_wconf 85' lang='lat' dir='ltr'><strong>capiam,</strong></span> <span class='ocrx_word' id='word_1_157' title='bbox 1073 2562 1118 2626; x_wconf 93' lang='lat' dir='ltr'><strong>nil</strong></span> <span class='ocrx_word' id='word_1_158' title='bbox 1142 2561 1202 2627; x_wconf 88' lang='lat' dir='ltr'><strong>fuit</strong></span> <span class='ocrx_word' id='word_1_159' title='bbox 1226 2565 1327 2644; x_wconf 82' lang='lat' dir='ltr'><strong>magis</strong></span> 
     </span>
     <span class='ocr_line' id='line_1_23' title="bbox 155 2666 1325 2751; baseline 0.002 -21"><span class='ocrx_word' id='word_1_160' title='bbox 155 2666 1325 2751; x_wconf 68' lang='lat' dir='ltr'><strong>consentaneumquamutCatullotlllb)Calvus(19dlopponerctur3qui</strong></span> 
     </span>
     <span class='ocr_line' id='line_1_24' title="bbox 155 2774 1327 2858; baseline 0.003 -22"><span class='ocrx_word' id='word_1_161' title='bbox 155 2774 340 2854; x_wconf 87' lang='lat' dir='ltr'><strong>scriptores,</strong></span> <span class='ocrx_word' id='word_1_162' title='bbox 367 2793 435 2839; x_wconf 91' lang='lat' dir='ltr'><strong>cum</strong></span> <span class='ocrx_word' id='word_1_163' title='bbox 455 2775 574 2840; x_wconf 90' lang='lat' dir='ltr'><strong>eisdem</strong></span> <span class='ocrx_word' id='word_1_164' title='bbox 591 2774 660 2840; x_wconf 87' lang='lat' dir='ltr'><strong>lere</strong></span> <span class='ocrx_word' id='word_1_165' title='bbox 680 2776 880 2858; x_wconf 87' lang='lat' dir='ltr'><strong>temporibus</strong></span> <span class='ocrx_word' id='word_1_166' title='bbox 896 2775 1016 2842; x_wconf 85' lang='lat' dir='ltr'><strong>fuerint</strong></span> <span class='ocrx_word' id='word_1_167' title='bbox 1031 2776 1062 2840; x_wconf 92' lang='lat' dir='ltr'><strong>in</strong></span> <span class='ocrx_word' id='word_1_168' title='bbox 1081 2777 1194 2840; x_wconf 91' lang='lat' dir='ltr'><strong>eodem</strong></span> <span class='ocrx_word' id='word_1_169' title='bbox 1210 2794 1327 2857; x_wconf 83' lang='lat' dir='ltr'><strong>genere</strong></span> 
     </span>
     <span class='ocr_line' id='line_1_25' title="bbox 155 2881 1328 2966; baseline 0.004 -23"><span class='ocrx_word' id='word_1_170' title='bbox 155 2881 316 2945; x_wconf 91' lang='lat' dir='ltr'><strong>scribendi</strong></span> <span class='ocrx_word' id='word_1_171' title='bbox 344 2883 468 2947; x_wconf 86' lang='lat' dir='ltr'><strong>versati</strong></span> <span class='ocrx_word' id='word_1_172' title='bbox 501 2883 567 2947; x_wconf 88' lang='lat' dir='ltr'><strong>sint</strong></span> <span class='ocrx_word' id='word_1_173' title='bbox 596 2883 636 2948; x_wconf 88' lang='lat' dir='ltr'><strong>ab</strong></span> <span class='ocrx_word' id='word_1_174' title='bbox 665 2883 802 2949; x_wconf 88' lang='lat' dir='ltr'><strong>Horatio</strong></span> <span class='ocrx_word' id='word_1_175' title='bbox 827 2884 997 2966; x_wconf 87' lang='lat' dir='ltr'><strong>Propertio</strong></span> <span class='ocrx_word' id='word_1_176' title='bbox 1024 2883 1138 2949; x_wconf 76' lang='lat' dir='ltr'><strong>Ouidio</strong></span> <span class='ocrx_word' id='word_1_177' title='bbox 1162 2884 1234 2948; x_wconf 93' lang='lat' dir='ltr'><strong>aliis</strong></span> <span class='ocrx_word' id='word_1_178' title='bbox 1259 2902 1328 2948; x_wconf 91' lang='lat' dir='ltr'><strong>sae-</strong></span> 
     </span>
     <span class='ocr_line' id='line_1_26' title="bbox 154 2987 1329 3070; baseline 0.004 -20"><span class='ocrx_word' id='word_1_179' title='bbox 154 2987 227 3067; x_wconf 91' lang='lat' dir='ltr'><strong>pius</strong></span> <span class='ocrx_word' id='word_1_180' title='bbox 259 2988 343 3051; x_wconf 91' lang='lat' dir='ltr'><strong>alter</strong></span> <span class='ocrx_word' id='word_1_181' title='bbox 367 3007 437 3053; x_wconf 94' lang='lat' dir='ltr'><strong>cum</strong></span> <span class='ocrx_word' id='word_1_182' title='bbox 463 2991 566 3055; x_wconf 93' lang='lat' dir='ltr'><strong>altero</strong></span> <span class='ocrx_word' id='word_1_183' title='bbox 590 2990 725 3070; x_wconf 89' lang='lat' dir='ltr'><strong>laudati,</strong></span> <span class='ocrx_word' id='word_1_184' title='bbox 750 2995 817 3054; x_wconf 91' lang='lat' dir='ltr'><strong>tam</strong></span> <span class='ocrx_word' id='word_1_185' title='bbox 841 2990 971 3056; x_wconf 91' lang='lat' dir='ltr'><strong>finitimi</strong></span> <span class='ocrx_word' id='word_1_186' title='bbox 994 2990 1095 3057; x_wconf 88' lang='lat' dir='ltr'><strong>fuisse</strong></span> <span class='ocrx_word' id='word_1_187' title='bbox 1119 2991 1268 3056; x_wconf 87' lang='lat' dir='ltr'><strong>videntur</strong></span> <span class='ocrx_word' id='word_1_188' title='bbox 1291 2996 1329 3055; x_wconf 91' lang='lat' dir='ltr'><strong>ut</strong></span> 
     </span>
     <span class='ocr_line' id='line_1_27' title="bbox 155 3091 1330 3179; baseline 0.006 -24"><span class='ocrx_word' id='word_1_189' title='bbox 155 3095 320 3173; x_wconf 82' lang='lat' dir='ltr'><strong>segregari</strong></span> <span class='ocrx_word' id='word_1_190' title='bbox 344 3093 411 3158; x_wconf 83' lang='lat' dir='ltr'><strong>fere</strong></span> <span class='ocrx_word' id='word_1_191' title='bbox 435 3114 498 3158; x_wconf 91' lang='lat' dir='ltr'><strong>non</strong></span> <span class='ocrx_word' id='word_1_192' title='bbox 523 3091 695 3178; x_wconf 74' lang='lat' dir='ltr'><strong>possent1).</strong></span> <span class='ocrx_word' id='word_1_193' title='bbox 744 3095 808 3159; x_wconf 82' lang='lat' dir='ltr'><strong>Gur</strong></span> <span class='ocrx_word' id='word_1_194' title='bbox 833 3097 932 3179; x_wconf 85' lang='lat' dir='ltr'><strong>igitur</strong></span> <span class='ocrx_word' id='word_1_195' title='bbox 954 3098 1008 3178; x_wconf 92' lang='lat' dir='ltr'><strong>qui</strong></span> <span class='ocrx_word' id='word_1_196' title='bbox 1023 3102 1139 3162; x_wconf 91' lang='lat' dir='ltr'><strong>natura</strong></span> <span class='ocrx_word' id='word_1_197' title='bbox 1156 3098 1330 3162; x_wconf 89' lang='lat' dir='ltr'><strong>cohaerent</strong></span> 
     </span>
     <span class='ocr_line' id='line_1_28' title="bbox 155 3200 1329 3283; baseline 0.007 -22"><span class='ocrx_word' id='word_1_198' title='bbox 155 3216 214 3279; x_wconf 89' lang='lat' dir='ltr'><strong>per</strong></span> <span class='ocrx_word' id='word_1_199' title='bbox 248 3200 312 3264; x_wconf 89' lang='lat' dir='ltr'><strong>vim</strong></span> <span class='ocrx_word' id='word_1_200' title='bbox 336 3218 551 3282; x_wconf 70' lang='lat' dir='ltr'><strong>segregemus</strong></span> <span class='ocrx_word' id='word_1_201' title='bbox 582 3202 776 3283; x_wconf 87' lang='lat' dir='ltr'><strong>praesertim</strong></span> <span class='ocrx_word' id='word_1_202' title='bbox 806 3223 876 3268; x_wconf 92' lang='lat' dir='ltr'><strong>cum</strong></span> <span class='ocrx_word' id='word_1_203' title='bbox 908 3204 1106 3269; x_wconf 87' lang='lat' dir='ltr'><strong>extrinsecus</strong></span> <span class='ocrx_word' id='word_1_204' title='bbox 1130 3204 1175 3267; x_wconf 95' lang='lat' dir='ltr'><strong>nil</strong></span> <span class='ocrx_word' id='word_1_205' title='bbox 1200 3204 1329 3269; x_wconf 83' lang='lat' dir='ltr'><strong>obstet?</strong></span> 
     </span>
     <span class='ocr_line' id='line_1_29' title="bbox 156 3306 1329 3393; baseline 0.004 -22"><span class='ocrx_word' id='word_1_206' title='bbox 156 3306 367 3387; x_wconf 91' lang='lat' dir='ltr'><strong>Opponuutur</strong></span> <span class='ocrx_word' id='word_1_207' title='bbox 408 3314 561 3390; x_wconf 90' lang='lat' dir='ltr'><strong>quattuor</strong></span> <span class='ocrx_word' id='word_1_208' title='bbox 602 3314 759 3391; x_wconf 80' lang='lat' dir='ltr'><strong>poetae,</strong></span> <span class='ocrx_word' id='word_1_209' title='bbox 799 3329 899 3393; x_wconf 90' lang='lat' dir='ltr'><strong>quare</strong></span> <span class='ocrx_word' id='word_1_210' title='bbox 936 3310 1169 3393; x_wconf 91' lang='lat' dir='ltr'><strong>quodammodo</strong></span> <span class='ocrx_word' id='word_1_211' title='bbox 1203 3309 1329 3376; x_wconf 86' lang='lat' dir='ltr'><strong>facilius</strong></span> 
     </span>
     <span class='ocr_line' id='line_1_30' title="bbox 157 3416 1329 3499; baseline 0.006 -22"><span class='ocrx_word' id='word_1_212' title='bbox 157 3419 206 3478; x_wconf 93' lang='lat' dir='ltr'><strong>est</strong></span> <span class='ocrx_word' id='word_1_213' title='bbox 230 3433 312 3494; x_wconf 86' lang='lat' dir='ltr'><strong>quae</strong></span> <span class='ocrx_word' id='word_1_214' title='bbox 335 3416 478 3481; x_wconf 90' lang='lat' dir='ltr'><strong>rationes</strong></span> <span class='ocrx_word' id='word_1_215' title='bbox 514 3417 599 3482; x_wconf 89' lang='lat' dir='ltr'><strong>inter</strong></span> <span class='ocrx_word' id='word_1_216' title='bbox 635 3417 779 3499; x_wconf 81' lang='lat' dir='ltr'><strong>singulos</strong></span> <span class='ocrx_word' id='word_1_217' title='bbox 807 3419 1012 3484; x_wconf 88' lang='lat' dir='ltr'><strong>intercedant</strong></span> <span class='ocrx_word' id='word_1_218' title='bbox 1039 3417 1069 3483; x_wconf 93' lang='lat' dir='ltr'><strong>h.</strong></span> <span class='ocrx_word' id='word_1_219' title='bbox 1092 3418 1113 3482; x_wconf 94' lang='lat' dir='ltr'><strong>l.</strong></span> <span class='ocrx_word' id='word_1_220' title='bbox 1147 3419 1329 3484; x_wconf 87' lang='lat' dir='ltr'><strong>discernere</strong></span> 
     </span>
     <span class='ocr_line' id='line_1_31' title="bbox 156 3523 1329 3607; baseline 0.006 -25"><span class='ocrx_word' id='word_1_221' title='bbox 156 3538 250 3600; x_wconf 90' lang='lat' dir='ltr'><strong>quam</strong></span> <span class='ocrx_word' id='word_1_222' title='bbox 275 3540 374 3602; x_wconf 91' lang='lat' dir='ltr'><strong>supra</strong></span> <span class='ocrx_word' id='word_1_223' title='bbox 396 3523 483 3587; x_wconf 90' lang='grc'><strong>16161</strong></span> <span class='ocrx_word' id='word_1_224' title='bbox 506 3530 620 3605; x_wconf 89' lang='lat' dir='ltr'><strong>poetas</strong></span> <span class='ocrx_word' id='word_1_225' title='bbox 645 3529 678 3589; x_wconf 89' lang='grc'><strong>61</strong></span> <span class='ocrx_word' id='word_1_226' title='bbox 700 3525 882 3591; x_wconf 79' lang='lat' dir='ltr'><strong>historicos,</strong></span> <span class='ocrx_word' id='word_1_227' title='bbox 930 3526 998 3590; x_wconf 93' lang='lat' dir='ltr'><strong>Iam</strong></span> <span class='ocrx_word' id='word_1_228' title='bbox 1022 3525 1151 3607; x_wconf 91' lang='lat' dir='ltr'><strong>quidem</strong></span> <span class='ocrx_word' id='word_1_229' title='bbox 1167 3526 1329 3591; x_wconf 93' lang='lat' dir='ltr'><strong>Lucanum</strong></span> 
     </span>
     <span class='ocr_line' id='line_1_32' title="bbox 155 3627 1330 3714; baseline 0.008 -25"><span class='ocrx_word' id='word_1_230' title='bbox 155 3627 260 3692; x_wconf 90' lang='lat' dir='ltr'><strong>minus</strong></span> <span class='ocrx_word' id='word_1_231' title='bbox 296 3633 408 3708; x_wconf 90' lang='lat' dir='ltr'><strong>aptum</strong></span> <span class='ocrx_word' id='word_1_232' title='bbox 444 3646 514 3694; x_wconf 89' lang='lat' dir='ltr'><strong>esse</strong></span> <span class='ocrx_word' id='word_1_233' title='bbox 550 3631 605 3710; x_wconf 91' lang='lat' dir='ltr'><strong>qui</strong></span> <span class='ocrx_word' id='word_1_234' title='bbox 641 3629 768 3697; x_wconf 83' lang='lat' dir='ltr'><strong>Catullo</strong></span> <span class='ocrx_word' id='word_1_235' title='bbox 804 3639 988 3714; x_wconf 89' lang='lat' dir='ltr'><strong>opponatur</strong></span> <span class='ocrx_word' id='word_1_236' title='bbox 1016 3652 1110 3713; x_wconf 88' lang='lat' dir='ltr'><strong>quam</strong></span> <span class='ocrx_word' id='word_1_237' title='bbox 1142 3631 1274 3697; x_wconf 82' lang='lat' dir='ltr'><strong>Calvum</strong></span> <span class='ocrx_word' id='word_1_238' title='bbox 1297 3635 1330 3698; x_wconf 92' lang='lat' dir='ltr'><strong>in</strong></span> 
     </span>
     <span class='ocr_line' id='line_1_33' title="bbox 156 3735 1329 3820; baseline 0.007 -24"><span class='ocrx_word' id='word_1_239' title='bbox 156 3739 308 3815; x_wconf 86' lang='lat' dir='ltr'><strong>promptu</strong></span> <span class='ocrx_word' id='word_1_240' title='bbox 332 3738 391 3813; x_wconf 86' lang='lat' dir='ltr'><strong>est,</strong></span> <span class='ocrx_word' id='word_1_241' title='bbox 422 3753 481 3798; x_wconf 91' lang='grc'><strong>666</strong></span> <span class='ocrx_word' id='word_1_242' title='bbox 504 3735 696 3801; x_wconf 91' lang='lat' dir='ltr'><strong>statuissent</strong></span> <span class='ocrx_word' id='word_1_243' title='bbox 720 3738 752 3801; x_wconf 96' lang='lat' dir='ltr'><strong>in</strong></span> <span class='ocrx_word' id='word_1_244' title='bbox 778 3740 973 3803; x_wconf 85' lang='lat' dir='ltr'><strong>contrariam</strong></span> <span class='ocrx_word' id='word_1_245' title='bbox 996 3745 1122 3820; x_wconf 89' lang='lat' dir='ltr'><strong>partem</strong></span> <span class='ocrx_word' id='word_1_246' title='bbox 1146 3739 1207 3802; x_wconf 90' lang='lat' dir='ltr'><strong>viri</strong></span> <span class='ocrx_word' id='word_1_247' title='bbox 1233 3740 1329 3820; x_wconf 88' lang='lat' dir='ltr'><strong>docti,</strong></span> 
     </span>
     <span class='ocr_line' id='line_1_34' title="bbox 156 3841 1332 3924; baseline 0.008 -21"><span class='ocrx_word' id='word_1_248' title='bbox 156 3843 218 3904; x_wconf 92' lang='lat' dir='ltr'><strong>nisi</strong></span> <span class='ocrx_word' id='word_1_249' title='bbox 253 3843 403 3923; x_wconf 89' lang='lat' dir='ltr'><strong>opinione</strong></span> <span class='ocrx_word' id='word_1_250' title='bbox 434 3841 556 3906; x_wconf 90' lang='lat' dir='ltr'><strong>ordinis</strong></span> <span class='ocrx_word' id='word_1_251' title='bbox 585 3844 708 3907; x_wconf 90' lang='lat' dir='ltr'><strong>turbati</strong></span> <span class='ocrx_word' id='word_1_252' title='bbox 740 3850 772 3909; x_wconf 91' lang='lat' dir='ltr'><strong>et</strong></span> <span class='ocrx_word' id='word_1_253' title='bbox 794 3845 939 3910; x_wconf 91' lang='lat' dir='ltr'><strong>lacunosi</strong></span> <span class='ocrx_word' id='word_1_254' title='bbox 963 3846 1051 3910; x_wconf 91' lang='lat' dir='ltr'><strong>ducti</strong></span> <span class='ocrx_word' id='word_1_255' title='bbox 1075 3851 1191 3911; x_wconf 85' lang='lat' dir='ltr'><strong>essent.</strong></span> <span class='ocrx_word' id='word_1_256' title='bbox 1241 3847 1332 3924; x_wconf 85' lang='lat' dir='ltr'><strong>Quod</strong></span> 
     </span>
     <span class='ocr_line' id='line_1_35' title="bbox 157 3948 1331 4019; baseline 0.006 -7"><span class='ocrx_word' id='word_1_257' title='bbox 157 3949 183 4012; x_wconf 93' lang='lat' dir='ltr'><strong>si</strong></span> <span class='ocrx_word' id='word_1_258' title='bbox 210 3953 333 4012; x_wconf 87' lang='lat' dir='ltr'><strong>certum</strong></span> <span class='ocrx_word' id='word_1_259' title='bbox 357 3955 407 4014; x_wconf 91' lang='grc'><strong>661</strong></span> <span class='ocrx_word' id='word_1_260' title='bbox 430 3948 592 4014; x_wconf 82' lang='lat' dir='ltr'><strong>Catullum</strong></span> <span class='ocrx_word' id='word_1_261' title='bbox 616 3954 649 4013; x_wconf 91' lang='lat' dir='ltr'><strong>et</strong></span> <span class='ocrx_word' id='word_1_262' title='bbox 665 3948 797 4015; x_wconf 79' lang='lat' dir='ltr'><strong>Calvum</strong></span> <span class='ocrx_word' id='word_1_263' title='bbox 822 3953 949 4018; x_wconf 93' lang='grc'><strong>6166166</strong></span> <span class='ocrx_word' id='word_1_264' title='bbox 974 3952 1056 4016; x_wconf 91' lang='grc'><strong>16666</strong></span> <span class='ocrx_word' id='word_1_265' title='bbox 1080 3953 1165 4017; x_wconf 92' lang='grc'><strong>16161</strong></span> <span class='ocrx_word' id='word_1_266' title='bbox 1189 3971 1224 4017; x_wconf 89' lang='grc'><strong>66</strong></span> <span class='ocrx_word' id='word_1_267' title='bbox 1248 3972 1331 4019; x_wconf 93' lang='lat' dir='ltr'><strong>com-</strong></span> 
     </span>
    </p>
   </div>
   <div class='ocr_carea' id='block_1_5' title="bbox 230 4122 1169 4280">
    <p class='ocr_par' dir='ltr' id='par_1_5' title="bbox 230 4122 1169 4280">
     <span class='ocr_line' id='line_1_36' title="bbox 230 4122 1110 4197; baseline 0.009 -21"><span class='ocrx_word' id='word_1_268' title='bbox 230 4122 252 4190; x_wconf 82' lang='grc'><strong>1)</strong></span> <span class='ocrx_word' id='word_1_269' title='bbox 271 4124 305 4177; x_wconf 81' lang='lat' dir='ltr'><strong>ci.</strong></span> <span class='ocrx_word' id='word_1_270' title='bbox 321 4140 390 4194; x_wconf 89' lang='lat' dir='ltr'><strong>quae</strong></span> <span class='ocrx_word' id='word_1_271' title='bbox 411 4125 524 4192; x_wconf 84' lang='lat' dir='ltr'><strong>collegit</strong></span> <span class='ocrx_word' id='word_1_272' title='bbox 542 4125 700 4192; x_wconf 82' lang='lat' dir='ltr'><strong>Teuffelius‚</strong></span> <span class='ocrx_word' id='word_1_273' title='bbox 719 4126 744 4179; x_wconf 85' lang='lat' dir='ltr'>R</span> <span class='ocrx_word' id='word_1_274' title='bbox 758 4126 779 4180; x_wconf 94' lang='lat' dir='ltr'>L</span> <span class='ocrx_word' id='word_1_275' title='bbox 794 4125 845 4181; x_wconf 75' lang='lat' dir='ltr'><strong>G.4</strong></span> <span class='ocrx_word' id='word_1_276' title='bbox 863 4144 889 4197; x_wconf 86' lang='lat' dir='ltr'><strong>p.</strong></span> <span class='ocrx_word' id='word_1_277' title='bbox 903 4130 964 4195; x_wconf 85' lang='lat'>414,</span> <span class='ocrx_word' id='word_1_278' title='bbox 984 4129 1110 4196; x_wconf 57' lang='grc'><strong>12197.</strong></span> 
     </span>
     <span class='ocr_line' id='line_1_37' title="bbox 1135 4228 1169 4280; baseline 0 -21"><span class='ocrx_word' id='word_1_279' title='bbox 1135 4228 1169 4280; x_wconf 74' lang='grc'><strong>6*</strong></span> 
     </span>
    </p>
   </div>
   <div class='ocr_carea' id='block_1_6' title="bbox 0 0 1482 4890">
    <p class='ocr_par' dir='ltr' id='par_1_6' title="bbox 0 0 1482 4890">
     <span class='ocr_line' id='line_1_38' title="bbox 0 0 1482 4890; baseline 0 0"><span class='ocrx_word' id='word_1_280' title='bbox 0 0 1482 4890; x_wconf 95' lang='lat' dir='ltr'><strong> </strong></span> 
     </span>
    </p>
   </div>
  </div>
 </body>
</html>
