2940 4890
153 258 193 320 52

149 453 225 500 vero
250 435 409 516 estquod
437 434 564 514 singula
593 434 736 500 carmina
763 435 952 517 priusquam
980 438 1154 502 ederentur
1183 438 1223 502 iu
1246 438 1322 503 libri

150 540 286 606 formam
310 541 444 607 redacta
467 559 538 606 eum
564 543 692 606 novisse
723 541 959 624 coniciamus¹).
1020 543 1185 608 Summum
1213 549 1322 610 autem

150 653 209 729 est,
235 649 320 730 quod
343 666 383 713 ne
398 667 510 715 versus
535 648 662 729 quidem
688 649 742 730 qui
767 654 993 728 comparantur
1014 650 1170 715 eiusmodi
1194 635 1270 716 suut
1287 656 1324 716 nt

150 755 286 819 alterum
304 758 432 836 poetam
448 755 585 821 alterum
598 756 758 820 imitatum
773 774 843 821 esse
854 755 1067 836 probabiliter
1083 757 1184 822 statui
1201 758 1321 839 possit;

151 879 254 943 neque
277 880 353 927 vero
377 861 453 927 licet
476 881 514 926 ex
539 863 688 944 opinione
711 867 777 927 tam
802 863 926 927 incerta
950 882 1064 944 graues
1088 882 1141 948 res
1159 863 1320 945 colligere.

150 967 196 1032 Ne
220 968 254 1033 id
277 969 405 1050 quidem
429 969 629 1050 probabilius
653 970 702 1035 vir
726 971 839 1035 doctus
867 970 982 1034 statuit
1006 969 1121 1034 librum
1147 970 1322 1034 secundum

151 1074 366 1141 Tibulliauum
391 1077 532 1159 priorem
558 1095 628 1142 esse
653 1076 800 1157 elegidiis
824 1076 889 1140 illis
917 1095 956 1139 ex
985 1093 1022 1140 eo
1052 1095 1178 1159 quoque
1207 1082 1322 1158 patere

150 1181 235 1262 quod
270 1201 381 1248 versus
413 1185 465 1264 lv,
485 1186 514 1264 2,
536 1185 665 1247 15-20
695 1203 734 1248 ex
769 1182 889 1248 eisdem
919 1183 1117 1266 argumentis
1152 1184 1322 1265 compositi

150 1293 259 1354 esseut
284 1290 411 1371 quaein
428 1290 510 1355 libro
528 1290 667 1356 secundo
684 1289 736 1354 bic
751 1289 817 1354 illic
833 1289 885 1372 (ΙΙ,
906 1291 936 1369 4,
954 1291 994 1353 27
1013 1309 1074 1371 sq.;
1102 1293 1131 1372 2,
1151 1291 1184 1370 33
1211 1292 1242 1370 4,
1262 1292 1319 1371 30;

151 1396 180 1476 2,
204 1398 255 1461 15.
277 1398 331 1479 16)
356 1402 452 1478 poeta
475 1397 646 1479 posuisset.

237 1503 384 1585 Namque
419 1504 508 1585 ipsae
543 1523 596 1569 res
631 1503 745 1586 Tyrius
780 1520 901 1581 murex,
932 1502 1056 1582 odores,
1090 1503 1209 1568 Arabia
1231 1508 1321 1569 terra

152 1610 355 1691 diutissima,
372 1611 498 1675 lucidae
517 1611 656 1676 conchae
674 1609 803 1690 saepius
822 1609 984 1691 variisque
997 1609 1098 1675 modis
1112 1610 1197 1690 apud
1210 1618 1319 1678 omnes

150 1717 288 1798 quitum
305 1715 436 1783 fuerunt
453 1719 628 1799 scriptores
647 1718 688 1782 ad
703 1716 862 1781 luxuriam
885 1716 1109 1781 illustrandam
1134 1716 1317 1798 laudantur,

148 1828 185 1887 ut
202 1824 338 1906 cogitari
358 1843 421 1889 nou
441 1825 545 1906 possit
561 1827 588 1889 si
600 1823 684 1890 forte
705 1823 817 1888 eadem
836 1823 922 1904 apud
941 1823 1021 1887 duos
1045 1823 1251 1904 reperiuntur
1274 1823 1321 1888 al·

150 1933 254 1994 terum
286 1931 420 1997 alterius
451 1933 629 1997 sententias
665 1931 825 1995 imitatum
861 1948 940 2010 esse,
977 1929 1066 1994 velut
1089 1929 1149 1994 hoc
1172 1931 1242 1994 loco
1268 1931 1320 1994 Ti-

148 2036 268 2101 bullum
288 2039 418 2118 quaein
435 2039 518 2104 libro
535 2039 675 2103 secundo
691 2038 761 2119 ipse
788 2041 942 2119 posuerat
966 2042 1156 2119 argumenta
1179 2037 1231 2101 hic
1254 2037 1320 2103 illic

148 2143 294 2224 dispersa
311 2145 390 2209 scite
406 2151 520 2227 postea
535 2145 725 2227 repetivisse
750 2144 987 2210 coniuncta-
1011 2145 1103 2226 quasi
1126 2163 1184 2209 suo
1210 2164 1319 2226 quam-

149 2270 210 2331 que
244 2251 314 2316 loco
343 2252 536 2317 seutentiam
571 2251 726 2334 optimam
761 2251 919 2332 quomodo
947 2250 1145 2332 significaret
1174 2251 1318 2316 iuvenire

148 2358 331 2423 nesciisset!
367 2359 513 2440 Apparet
529 2359 629 2439 igitur
646 2357 809 2439 Olsenum,
827 2377 1019 2440 quamquam
1044 2359 1083 2422 de
1109 2357 1318 2438 elegidiorum

61 2527 66 2534 .
148 2465 347 2546 temporibus
376 2465 496 2547 aliquid
524 2466 605 2550 recti
634 2466 745 2545 sensit,
772 2471 880 2530 tamen
906 2469 1025 2530 rectam
1050 2464 1134 2529 viam
1159 2483 1222 2546 qua
1245 2485 1318 2547 pro·

146 2572 240 2637 beret
262 2573 444 2654 ingressum
466 2590 529 2636 nou
554 2589 635 2637 esse.

235 2679 295 2743 His
312 2679 467 2760 expositis
485 2698 580 2743 uuum
597 2683 702 2743 restat
723 2683 759 2742 ut
781 2678 973 2762 Zingerlei²)
999 2678 1219 2760 quaestionem
1245 2697 1318 2743 exa·

146 2785 303 2850 minemus
340 2785 395 2867 qui
431 2786 608 2852 contrarias
642 2784 771 2849 Disseni
803 2784 940 2866 Gruppii
969 2785 1105 2849 aliorum
1133 2790 1244 2866 partes
1273 2823 1317 2830 -

147 2891 366 2972 „Sulpiciam‘
395 2892 537 2973 priorem
567 2910 636 2957 esse
665 2891 748 2956 libro
773 2892 912 2956 secundo
939 2928 974 2938 —
1003 2892 1093 2956 noris
1118 2893 1316 2974 argumentis

146 2998 293 3062 stabilire
307 3003 439 3063 conatus
453 3004 511 3066 est.
539 2999 681 3064 lutexuit
693 3004 801 3063 autem
813 2998 861 3062 vir
874 2999 987 3064 doctus
1000 2998 1081 3063 banc
1095 3000 1316 3080 quaestionem

145 3106 259 3169 maiori
282 3107 311 3169 ei
335 3125 429 3186 quam
448 3105 590 3170 instituit
614 3106 653 3171 de
676 3105 770 3169 buius
795 3104 873 3187 cycli
898 3103 960 3169 lide
985 3111 1083 3185 atque
1107 3105 1314 3183 auctoritate3

146 3216 244 3292 atque
269 3213 405 3294 gratiam
430 3215 459 3278 ei
476 3213 630 3278 babemus
648 3212 743 3293 quod,
769 3230 840 3277 cum
863 3211 1011 3292 plerique
1036 3210 1216 3292 Gruppium
1239 3211 1313 3292 (1.1.

145 3338 176 3399 p.
192 3320 232 3382 27
247 3337 328 3401 sqq,
342 3338 374 3401 p.
393 3322 448 3403 48)
474 3319 576 3385 secuti
593 3319 655 3383 iam
681 3319 847 3384 crederent
871 3314 951 3381 baec
975 3314 1114 3398 elegidia
1132 3317 1200 3399 (IV,
1215 3320 1273 3382 p..
1283 3319 1315 3399 7)

146 3424 265 3489 Tibulli
301 3444 382 3506 esse,
418 3427 451 3491 id
487 3424 660 3507 generibus
695 3424 820 3488 dicendi
856 3424 1102 3505 diligentissime
1135 3424 1314 3490 observatis

145 3534 242 3613 atque
267 3551 337 3596 cum
362 3534 409 3597 eis
433 3551 515 3613 quae
539 3549 666 3611 semper
691 3531 871 3595 Tibulliaua
894 3530 1096 3596 habebantur
1120 3532 1315 3596 carminibus

145 3640 339 3721 comparatis
354 3640 402 3705 ita
425 3640 528 3703 denuo
553 3635 724 3721 firmante)
749 3641 784 3701 ut
807 3638 869 3702 uisi
893 3639 1054 3703 occaecati
1078 3639 1226 3704 dubitare
1251 3658 1314 3704 nou

214 3833 236 3902 1)
255 3832 353 3902 Itaque
372 3848 406 3886 ue
426 3829 589 3884 crediderim
608 3830 716 3899 quidem
735 3831 794 3885 vice
820 3848 899 3886 versa
916 3832 1090 3901 Propertium
1113 3832 1198 3886 luisse
1224 3832 1314 3887 imita-

142 3925 229 3975 torem
247 3921 273 3975 h.
286 3921 319 3986 l.;
333 3921 367 3975 ef.
381 3920 479 3973 Hilleri
499 3919 562 3973 edit.
575 3936 602 3988 p.
615 3918 713 3974 XVIII
724 3920 793 3974 med.
843 3938 846 3944 ’

217 4009 239 4079 2)
257 4010 355 4064 Kleiue
374 4009 469 4078 philol.
489 4007 625 4076 Abhdlgu.
646 4008 672 4060 II
690 4008 783 4078 (1877)
800 4025 826 4077 p.
841 4011 954 4064 45-90.

215 4099 239 4168 3)
258 4097 366 4152 Sumam
385 4099 425 4152 rei
444 4098 599 4151 cautissime
618 4097 659 4150 ita
678 4097 884 4165 comprehendit
901 4098 930 4167 (l.
943 4098 961 4154 l.
974 4114 1000 4167 p.
1015 4100 1074 4169 89);
1094 4102 1150 4166 „Ee
1169 4101 1313 4166 derfresicl

145 4227 150 4238 .
162 4228 168 4239 .
181 4231 186 4241 .
200 4227 206 4239 .
217 4231 223 4242 .
241 4189 288 4240 dac
297 4188 413 4241 Res-uitat
423 4189 559 4239 errr'cbtliclr
570 4189 677 4250 rucrcden,
693 4187 752 4237 dass
766 4189 846 4238 weder
855 4188 1081 4255 Spracdpebruucd‚
1092 4191 1152 4241 noch
1161 4191 1313 4253 Metrrscbea,
