2940 4890
1280 247 1320 306 47

151 434 327 499 censebant
342 434 488 516 plerique
506 436 642 502 Disseno
659 436 850 517 adstipulati
868 437 1023 521 Glycerae
1048 428 1170 516 elegias
1193 443 1226 503 et
1250 439 1322 504 Sul-

150 541 255 622 piciae
288 539 496 623 Corinthique
529 543 649 624 cyclum
679 549 770 607 ante
798 544 916 608 librum
944 544 1118 609 secundum
1147 547 1323 627 composita

152 665 223 713 essa
248 652 281 711 et
305 637 389 728 quod
414 666 451 711 ex
475 648 673 729 singulorum
697 649 792 713 huius
816 649 890 714 libri
915 650 1090 716 carminum
1114 657 1202 717 statu
1227 653 1322 719 colle-

152 759 268 832 gerant
292 759 381 820 certa
404 759 568 836 tamquam
592 752 655 819 fide
679 754 712 819 id
736 756 881 836 epicedio
906 755 1011 821 Ovidii
1035 754 1165 822 firmare
1189 760 1252 824 sibi
1278 761 1322 825 vi·

152 860 321 926 debentur.
369 861 459 938 Quod
476 861 693 925 examinemus
707 867 844 943 oportet.
892 863 961 926 Iam
974 864 1151 944 elegiarum
1166 865 1321 948 Glycerae

55 1033 61 1037 ,
151 967 246 1032 testis
270 971 359 1032 extat
382 986 464 1032 unus
493 967 648 1033 Horatius
673 968 706 1047 ll.
720 969 764 1048 l).
815 969 875 1047 Qui
899 970 974 1054 alepi
996 971 1185 1035 miserabiles
1209 974 1321 1055 quales

150 1073 272 1138 luerint
306 1092 368 1138 non
404 1075 468 1137 iam
496 1075 573 1139 licet
607 1093 740 1140 noscere
770 1094 840 1140 cum
868 1076 901 1141 in
928 1076 1020 1141 libris
1049 1096 1111 1141 non
1141 1079 1321 1147 tradantur.

151 1179 233 1244 Nam
257 1180 342 1262 quod
365 1180 522 1246 Dissenus
546 1181 683 1246 coniecit
707 1185 739 1246 et
762 1182 872 1247 mullis
896 1184 1019 1265 placuit
1043 1202 1086 1249 cc.
1100 1184 1155 1265 IV,
1177 1187 1215 1248 13
1235 1191 1268 1251 et
1282 1189 1322 1250 14

151 1306 222 1354 esse
238 1287 393 1369 quasdam
409 1287 565 1370 Glycerae
589 1288 719 1369 elegias,
745 1306 815 1352 cum
838 1290 935 1356 nullis
960 1291 1074 1370 causis,
1099 1311 1140 1357 ne
1164 1293 1322 1358 similibus

150 1396 279 1478 quidem
302 1395 380 1475 veri,
399 1395 613 1459 demonstrari
637 1394 741 1475 possit
764 1395 805 1458 ad
829 1397 1050 1477 quaestionem
1074 1402 1218 1463 nostram
1242 1399 1322 1463 nihil

149 1504 237 1570 valet
248 1503 282 1585 ¹).
345 1501 408 1566 Sed
437 1502 574 1566 interest
601 1505 638 1565 ut
664 1500 726 1565 hae
757 1502 880 1584 elegiae
909 1502 951 1567 ad
977 1504 1060 1568 hanc
1090 1509 1231 1573 aetatem
1259 1524 1321 1569 non

149 1610 357 1693 pervenirent
392 1624 549 1690 quaerere
584 1607 638 1688 qui
672 1605 792 1672 factum
825 1609 878 1673 sit.
927 1611 975 1673 De
1010 1629 1074 1691 qua
1103 1630 1137 1675 re
1168 1612 1321 1695 ambigas.

149 1717 218 1781 Iam
235 1717 353 1781 dixerit
368 1715 439 1796 quis
455 1715 516 1779 hoc
539 1713 643 1778 medio
668 1714 753 1794 quod
777 1714 894 1779 dicitur
919 1733 997 1782 aevo
1022 1717 1228 1784 tribuendum
1252 1736 1322 1785 esse

126 1824 260 1905 >itaque
276 1820 427 1888 facillime
444 1840 483 1885 ex
499 1819 657 1901 angustiis
681 1820 765 1883 viam
789 1819 951 1900 patefieri3
977 1824 1063 1904 quod
1087 1825 1234 1905 equidem
1258 1845 1322 1890 non

152 1929 350 1994 crediderim.
398 1928 498 1993 Immo
514 1932 593 2008 puto
611 1925 771 1991 Tibullum
796 1932 871 2009 post
895 1928 969 1993 libri
994 1929 1125 1994 secundi
1149 1932 1322 1997 editionem

148 2037 208 2102 has
228 2036 348 2116 elegias
366 2071 408 2081 -
426 2034 587 2101 nescimus
603 2039 682 2115 quot
696 2071 731 2080 -
754 2035 933 2116 scripsisse,
948 2036 1086 2117 petitum
1116 2038 1156 2102 ab
1183 2037 1320 2103 Horatio

151 2148 189 2208 ut
209 2143 371 2210 desineret
394 2140 533 2207 fortasse
557 2140 726 2223 quievisse,
756 2143 925 2222 quominus
949 2142 1071 2224 publici
1094 2143 1175 2207 iuris
1202 2142 1324 2208 laceret

151 2250 253 2332 (quod
281 2267 356 2314 num
384 2249 455 2329 ipse
484 2248 687 2312 inanimum
715 2248 880 2312 induxerit
910 2249 1053 2314 dubitari
1076 2251 1196 2332 potest)
1220 2256 1323 2314 morte

149 2362 313 2422 retentum
329 2373 409 2435 esse,
429 2373 499 2419 cum
514 2374 579 2420 non
596 2356 639 2419 sit
654 2355 739 2435 quod
765 2355 934 2434 Tibullum,
961 2357 988 2419 si
1011 2360 1086 2435 post
1109 2354 1183 2419 libri
1207 2357 1322 2437 primi

151 2463 325 2528 editionem
360 2461 393 2543 (i.
408 2477 435 2523 e.
461 2464 532 2526 octo
568 2461 662 2525 annis
698 2464 869 2542 antequam
907 2463 1098 2542 moreretur)
1134 2462 1254 2543 elegias
1289 2463 1323 2525 in

150 2568 319 2652 Glyceram
347 2567 539 2648 scripsisset,
569 2572 606 2631 ut
634 2567 769 2632 credunt
797 2564 862 2648 illi,
889 2586 943 2633 eas
967 2586 1042 2631 num
1066 2566 1099 2630 in
1122 2567 1226 2632 lucem
1249 2587 1323 2649 pro-

149 2674 250 2740 ferret
285 2675 451 2739 dubitasse
479 2673 530 2739 vel
562 2673 785 2739 delevisse-
815 2678 852 2738 ut
881 2678 990 2739 censet
1017 2674 1173 2738 Dissenus
1204 2711 1245 2720 -
1271 2693 1323 2739 su-

148 2799 281 2846 mamus.
331 2781 399 2859 Quo
427 2778 546 2845 lactum
576 2786 686 2845 estut
713 2781 774 2847 hae
803 2781 926 2862 elegiae
955 2781 988 2844 in
1012 2779 1156 2845 tenebris
1179 2779 1322 2845 laterent

149 2889 230 2954 adeo
246 2893 338 2953 utne
355 2888 382 2953 is
399 2888 528 2969 quidem
545 2887 600 2968 qui
617 2906 680 2952 uno
704 2885 772 2952 lero
796 2888 924 2953 saeculo
948 2892 1023 2969 post
1047 2887 1180 2952 tertium
1202 2886 1321 2951 librum

149 2995 451 3078 (manuscriptorum
477 2994 561 3079 dico)
586 2995 689 3075 primo
714 3000 747 3058 et
770 2995 910 3060 secundo
939 2991 1122 3074 adnexuit²l
1155 2994 1188 3057 in
1218 2994 1320 3059 lucem

150 3120 205 3168 eas
222 3100 393 3183 proferret.
430 3101 517 3178 Quae
530 3101 624 3181 ratio,
645 3120 713 3165 cum
726 3120 785 3181 per
798 3119 833 3166 se
846 3106 1062 3166 consentanea
1080 3119 1150 3166 esse
1163 3101 1319 3181 videatur,

150 3207 287 3289 epicedii
301 3207 403 3288 ipsius
421 3204 524 3271 forma
541 3207 695 3273 orationis
709 3207 866 3288 probatur
879 3226 918 3271 ex
930 3227 993 3289 qua
1006 3207 1091 3289 qnod
1104 3207 1321 3288 opinabantur

149 3311 1320 3396 criticiNemesimextremumamoremfuisseitaqueGlycerampriorem³l

148 3419 182 3483 id
208 3419 296 3485 nullo
333 3421 425 3487 modo
463 3421 594 3486 eruitur.
644 3422 691 3487 De
726 3420 855 3486 Nemesi
890 3421 1018 3501 quidem
1047 3420 1214 3485 morientis
1245 3439 1321 3502 poe-

148 3530 202 3590 tae
239 3546 368 3592 manum
403 3532 533 3593 tenente
569 3528 646 3632 quid
687 3527 892 3592 iudicandum
932 3527 975 3592 sit
1013 3527 1078 3591 iam
1113 3527 1187 3594 dixi.
1258 3526 1321 3592 Sed

219 3702 241 3771 ¹)
259 3701 338 3767 Quod
350 3702 430 3756 affert
439 3703 572 3756 Dissenus
591 3703 618 3768 (l.
631 3702 649 3755 l.
662 3719 689 3771 p.
703 3701 809 3756 XXIII.
823 3705 875 3773 sq.)
888 3703 928 3756 nil
943 3703 1049 3771 probat.
1081 3703 1115 3756 Id
1133 3702 1320 3756 tantummodo

148 3793 253 3844 certum
271 3791 382 3844 videtur
400 3808 459 3845 esse
478 3791 546 3846 haec
566 3791 619 3844 duo
639 3791 758 3844 carmina
777 3791 975 3845 TibuIIIana
995 3807 1061 3844 esse.

219 3879 243 3947 2)
261 3879 320 3933 Hoc
339 3881 451 3948 exposui
469 3879 541 3932 inira
559 3896 584 3948 p.
600 3881 633 3932 68
647 3895 705 3948 sqq.

217 3967 240 4037 ³)
259 3969 372 4023 Praeter
382 3969 528 4022 Dissenum
546 3968 577 4038 (l.
589 3968 607 4023 l.
620 3984 647 4036 p.
662 3968 730 4022 XXI
742 3969 814 4039 sqq.)
825 3969 855 4021 in
873 3967 945 4021 hanc
965 3967 1130 4023 sententiam
1149 3967 1320 4021 inclinabant

148 4057 287 4127 Gruppius
311 4056 339 4125 (l.
352 4057 371 4110 l.
384 4075 410 4126 p.
425 4058 488 4126 264)
511 4059 539 4110 et
561 4055 709 4110 Teuffelius
731 4056 761 4125 (l.
775 4056 792 4110 l.
807 4073 832 4125 p.
846 4056 924 4127 470);
950 4072 1017 4126 quos
1038 4059 1068 4109 ut
1091 4056 1161 4110 solet
1179 4056 1320 4111 Doncienx

146 4160 234 4214 nuper
253 4149 363 4200 secutus
383 4149 425 4200 est
444 4145 505 4215 (1.1.
522 4148 616 4216 p.73).
