2940 4890
227 246 350 309 34Δ

227 420 387 506 esaim),
429 421 541 502 ltaque
577 441 647 485 cum
683 422 769 487 inter
804 422 925 502 elegias
962 421 1046 486 Galli
1084 421 1201 485 Tibulli
1237 422 1399 501 Propertii

225 528 327 608 ipsius
357 527 461 591 Ovidii
491 529 639 608 (Amores
672 528 757 607 dieo)
788 528 892 593 editas
921 532 954 591 et
982 528 1014 592 id
1044 533 1171 609 tempus
1199 547 1261 609 quo
1286 528 1400 592 Artem

226 632 416 697 amatoriam
440 633 579 713 scripsit,
604 633 804 715 aliquantum
828 634 984 715 temporis
1008 634 1183 699 interesset
1205 639 1280 715 apte
1303 634 1399 699 dixit:

116 743 118 747 ’
227 762 359 812 „nomen
375 740 480 804 babet
497 739 648 814 Nemesis,
671 737 801 824 Cynthio
816 742 933 813 babet,
959 764 1090 805 novere
1105 741 1265 825 Lycoride
1288 753 1398 816 terrae,

225 845 316 908 multi
339 869 417 930 quae
440 846 478 908 sit
501 845 638 910 Cariam
660 859 814 932 eogaen
839 847 925 928 quod
949 847 1042 911 docet
1067 846 1185 912 Tibulli
1208 847 1326 912 librum
1350 867 1400 912 se·

227 953 363 1017 cundum
386 953 447 1018 hoc
470 958 615 1034 tempore
639 953 842 1018 notissimum
865 951 974 1017 luisse.
1028 954 1133 1034 Atque
1156 958 1194 1018 ut
1217 953 1248 1018 h.
1266 954 1286 1018 l.
1305 973 1400 1034 prae·

225 1075 310 1138 sens,
341 1059 388 1124 ita
415 1058 558 1124 futurum
586 1060 620 1123 in
649 1058 792 1141 epicedio
818 1077 876 1124 suo
900 1058 969 1123 loco
994 1060 1133 1140 positum
1159 1066 1222 1125 est:
1253 1060 1400 1145 „laneum

225 1188 336 1229 nomen
352 1165 566 1230 trabeculae.
607 1166 735 1230 Etenim
758 1184 827 1230 cum
851 1165 945 1230 modo
970 1165 1115 1232 Tibullus
1131 1172 1276 1232 mortuus
1301 1173 1398 1247 esset,

226 1378 369 1443 carmina
400 1386 578 1460 opponeret
606 1380 813 1460 sempiterna,
838 1384 966 1458 tempus
996 1380 1106 1460 aptius
1134 1399 1229 1461 quam
1256 1379 1399 1445 futurum

226 1504 346 1566 ponere
370 1505 433 1550 non
461 1485 583 1566 potuit;
614 1503 709 1565 quam
739 1485 895 1550 orationis
924 1484 1059 1548 formam
1087 1504 1146 1550 nos
1175 1505 1301 1568 quoque
1327 1505 1398 1552 sex-

226 1593 348 1657 centies
383 1593 474 1673 sequi
502 1591 724 1657 consuevimus
759 1591 806 1656 ita
833 1589 914 1657 fere:
952 1591 1002 1656 vir
1030 1596 1080 1656 est
1109 1597 1264 1674 mortuus,
1295 1612 1396 1674 opera

226 1718 289 1764 non
312 1699 502 1764 interibunt.
570 1726 572 1730 ·

314 1806 364 1869 Ad
393 1805 511 1869 Tibulli
540 1822 665 1869 amores
693 1805 813 1886 plures,
848 1802 949 1867 libros
981 1803 1121 1884 primum
1150 1808 1183 1867 et
1211 1805 1397 1883 secundum,

225 1918 353 1993 spectat
388 1911 520 1976 Ovidius
556 1911 659 1976 altero
694 1913 764 1976 loco
789 1909 934 1994 (Remed.
960 1928 1059 1975 amor.
1081 1929 1110 1975 v.
1134 1911 1197 1974 763
1218 1909 1312 1994 squ),
1342 1910 1400 1975 ubi

226 2018 288 2082 etsi
316 2016 380 2081 alio
410 2019 517 2082 studio
546 2023 693 2083 movetur
717 2018 845 2082 eosdem
877 2033 914 2079 ac
938 2034 1036 2097 supra
1061 2016 1220 2098 elegiacos
1243 2022 1400 2098 quattuor

226 2141 400 2203 eorumque
425 2141 550 2188 amores
575 2127 803 2188 commemorat
826 2123 891 2188 his:

422 2232 564 2294 carmine
588 2232 657 2316 quis
674 2231 779 2316 potuit
802 2241 865 2292 tuto
889 2228 995 2313 legisse
1024 2231 1053 2292 T
1048 2229 1138 2292 iculi·

465 2337 511 2401 vel
533 2349 587 2400 tua
611 2339 696 2400 cuius
720 2359 797 2421 opus
821 2334 976 2420 Cynthia
999 2336 1079 2398 solu
1095 2333 1184 2420 fuit?

334 2443 397 2507 765
423 2444 491 2529 quia
509 2445 625 2530 poterat
649 2445 722 2508 lecto
746 2445 843 2506 durus
866 2443 1020 2506 discedere
1043 2439 1157 2506 Gallo?

466 2563 493 2614 et
515 2575 584 2616 mee
607 2551 707 2616 neseio
732 2551 807 2636 quid
831 2551 972 2613 carmina
995 2549 1055 2612 tale
1079 2560 1198 2612 sonant.

315 2655 484 2736 Oppositio
509 2658 665 2738 quaedam
689 2656 751 2720 nisi
776 2674 889 2720 sensus
918 2674 968 2719 me
996 2653 1082 2718 fallit
1111 2654 1283 2720 intercedit
1310 2654 1397 2720 inter

226 2778 275 2824 vv.
299 2763 361 2824 763
392 2768 425 2826 et
453 2765 531 2826 764:
567 2762 684 2827 etenim
715 2764 800 2844 quod
828 2760 962 2826 Ovidius
990 2761 1032 2826 ad
1056 2759 1240 2846 „Cpatbie“,
1264 2764 1398 2842 praeter
1456 2839 1457 2842 Ἴ

225 2884 320 2946 quam
333 2867 537 2949 Propertium
553 2869 674 2932 nullam
687 2869 827 2949 puellam
844 2871 1034 2935 cecinisse
1048 2871 1179 2951 (etenim
1198 2867 1270 2932 euni
1286 2867 1396 2947 plures

225 2974 414 3039 amavisse
438 2976 525 3041 velut
541 2976 716 3059 Lycinnam
732 2995 796 3041 non
822 2982 871 3040 est
895 2976 981 3058 quod
996 2977 1163 3059 negemus)
1186 2975 1332 3040 novimus
1357 2990 1397 3038 ex

225 3080 325 3160 ipsius
371 3083 575 3163 carminibus,
621 3083 719 3148 adicit
763 3084 871 3157 ‚,aola“
916 3084 1221 3165 subintelligendum
1267 3081 1396 3146 videtur

224 3188 385 3253 Tibullum
431 3191 565 3270 plures
611 3209 737 3255 amores
776 3191 968 3273 depinxisse,
1009 3191 1135 3258 Deliam
1173 3189 1325 3255 videlicet
1363 3192 1397 3253 et

225 3294 432 3380 Nemesim).

313 3402 402 3468 Haec
429 3403 529 3485 igitur
557 3404 744 3468 testimonia
773 3405 835 3470 duo
865 3405 1056 3469 minora-
1085 3408 1122 3468 ut
1148 3403 1195 3468 ita
1224 3402 1326 3467 dicam
1353 3440 1395 3451 -

224 3528 416 3592 quamquam
441 3510 657 3591 compluribus
681 3511 773 3575 annis
797 3515 872 3591 post
896 3511 1017 3576 obitum
1035 3510 1154 3576 Tibulli
1170 3509 1291 3590 scripta
1307 3514 1394 3589 sunt,

223 3622 330 3682 tamen
355 3635 425 3681 cum
448 3620 515 3680 tam
540 3621 627 3682 certe
652 3615 770 3681 Tibulli
794 3618 912 3682 amoris
937 3618 1105 3700 utriusque
1128 3617 1322 3683 mentionem
1346 3615 1362 3680 f
1382 3651 1396 3663 ·
1436 3687 1440 3691 ,

294 3812 317 3879 1)
336 3812 370 3865 cf.
383 3811 493 3865 Remed.
508 3827 589 3864 amor.
600 3828 625 3864 v.
640 3813 688 3867 155
702 3811 735 3879 (a.
752 3811 856 3881 mall),
872 3810 952 3880 paulo
962 3812 1067 3881 priores
1080 3813 1145 3864 suut
1157 3809 1233 3864 Artis
1247 3809 1395 3863 amatoriae

222 3901 277 3954 loci
300 3900 341 3954 hi:
365 3901 388 3967 I,
415 3904 463 3954 111
481 3917 534 3971 sq.;
563 3900 586 3967 I,
607 3903 652 3954 171
680 3916 719 3969 sq.
753 3899 927 3954 cLMonum.
947 3898 1395 3971 nn0y1.(18832)Latin.vl,40

222 4007 249 4059 p.
267 3989 391 4056 LXXVI,
411 3989 508 4044 Graec.
530 3991 597 4056 19,7
618 4006 644 4058 p.
658 3987 786 4044 LXXVII
811 3991 838 4042 et
857 4009 886 4057 p.
906 3990 969 4050 1593
994 3989 1017 4056 I,
1045 3992 1093 4044 197
1117 4005 1157 4057 sq.
1178 3987 1212 4041 cf.
1232 3988 1305 4041 Mon.
1324 3986 1395 4040 Anc.

223 4078 283 4133 Lat.
303 4079 352 4145 VI,
372 4080 404 4133 25
424 4094 450 4147 p.
464 4077 588 4141 LXXIV,
608 4076 704 4131 Graec.
722 4079 761 4141 18,
783 4079 814 4131 12
827 4093 853 4146 p.
868 4076 969 4132 LXXV
989 4081 1017 4131 et
1036 4094 1062 4146 p.
1085 4079 1134 4134 153
1147 4093 1188 4146 sq.

294 4167 316 4236 2)
336 4167 479 4237 Glyceram
498 4183 619 4236 quoque;
639 4166 668 4220 cf
686 4167 705 4221 i.
718 4183 744 4236 p.
759 4169 793 4221 46
813 4183 871 4236 sqq.
