2940 4890
235 1252 365 1354 Tibulli
388 1287 529 1352 carmina
550 1286 666 1368 quibus
683 1285 810 1350 auxiliis
827 1289 861 1349 et
876 1281 1056 1349 rationibus
1077 1284 1320 1349 recensenda

144 1395 210 1459 sint
227 1414 297 1460 cum
314 1394 436 1476 primus
449 1393 673 1457 Lachmannus
684 1392 706 1466 ¹)
723 1393 773 1457 vir
789 1391 962 1472 singularis
980 1389 1149 1471 splendide
1162 1391 1317 1470 docuerit,

144 1501 322 1566 firmaverit
357 1504 425 1565 tum
453 1498 663 1582 Hauptiusl),
695 1499 833 1580 denique
861 1493 1038 1579 Hillerus⁸)
1070 1497 1242 1578 assumptis
1273 1497 1319 1561 eis

145 1607 307 1672 codicibus
342 1624 422 1686 quos
450 1604 701 1687 Baehrensius⁴l
735 1605 768 1668 in
803 1605 907 1669 lucem
941 1603 1078 1684 protulit
1112 1606 1319 1685 (quamquam

144 1711 319 1793 editione⁵)
354 1711 394 1776 ab
433 1711 503 1792 ipso
539 1717 652 1777 curata
683 1711 786 1777 libere
817 1710 1015 1775 emendando
1043 1709 1151 1775 meriti
1180 1709 1319 1773 fructum

144 1820 259 1884 mirum
284 1822 438 1900 quantum
462 1817 617 1903 perdidit)
641 1837 744 1899 nuper
774 1819 867 1882 docte
895 1816 1141 1898 praedicaverit,
1168 1817 1232 1880 iam
1256 1816 1319 1881 nisi

144 1926 228 1990 forte
256 1926 329 1990 novi
358 1924 445 2007 iique
473 1925 599 2006 eisqui
624 1928 735 1989 extant
757 1923 863 1989 fontes
888 1923 1038 1989 meliores
1063 1941 1100 1987 ac
1123 1924 1318 1995 vetustiores

144 2033 314 2114 prodeunt,
341 2032 542 2113 exploratum
565 2030 634 2096 fere
657 2031 776 2096 habere
800 2031 886 2094 licet.

233 2140 289 2204 Eis
306 2143 414 2204 autem
427 2139 481 2220 qui
498 2138 805 2220 interpretando
822 2137 906 2202 hunc
918 2141 1048 2219 poetam
1060 2136 1171 2202 iuvare
1185 2138 1318 2218 cupiunt

144 2251 298 2329 quantum
322 2251 356 2311 et
379 2249 454 2326 post
470 2241 634 2331 Dissenit)
659 2246 718 2309 viri
742 2244 921 2312 doctissimi
946 2245 1208 2310 commentarium
1232 2245 1318 2310 locu-

143 2353 358 2434 pletissimum
374 2352 612 2434 relinqueretur
629 2370 700 2417 cum
717 2353 803 2417 idem
821 2351 1049 2417 Lachmannus
1060 2348 1087 2431 ⁷)
1102 2356 1169 2416 lum
1186 2356 1318 2433 praeter

39 2488 41 2492 >
144 2464 268 2526 ceteros
298 2455 494 2539 Vahlenus⁸)
525 2464 558 2523 et
586 2456 686 2540 Leo⁹)
718 2459 782 2540 ipsi
814 2458 916 2523 multa
944 2478 1008 2523 non
1038 2459 1163 2524 minore
1191 2459 1317 2525 ratione

143 2585 239 2648 quam
262 2565 408 2630 acumine
425 2563 621 2646 explicantes
638 2565 814 2631 clarissime
830 2567 1061 2647 probaverunt.
1101 2566 1208 2647 Atque
1224 2569 1317 2646 patet

143 2692 181 2736 ex
216 2673 330 2737 horum
359 2672 602 2754 quaestionibus
632 2673 761 2739 criticos
789 2692 853 2738 non
883 2692 957 2738 raro
987 2692 1025 2738 ea
1054 2674 1093 2738 de
1123 2691 1220 2737 causa
1248 2693 1316 2738 oar-

142 2779 280 2844 minibus
296 2779 466 2844 tersissimi
490 2783 606 2861 poetae
629 2781 787 2861 nocuisse,
813 2781 899 2862 quod
919 2780 1063 2846 rationes
1079 2779 1130 2844 vel
1148 2780 1316 2861 opiniones

142 2886 340 2952 extrinsecus
364 2886 484 2968 petitas
509 2886 725 2953 admiscentes
749 2906 813 2952 non
837 2905 876 2952 ea
900 2906 964 2970 qua
988 2888 1079 2953 decet
1096 2887 1265 2969 diligentia
1280 2887 1314 2951 in

142 2993 317 3057 carminum
341 2993 484 3074 ipsorum
514 2994 777 3074 compositionem
802 2994 1018 3076 inquirebant.
1066 2994 1171 3073 Quare
1194 2993 1315 3059 factum

211 3202 222 3240 1
252 3201 327 3256 Albii
346 3203 449 3257 Tibulli
467 3203 531 3257 libri
551 3206 688 3274 quattuor.
725 3203 815 3259 Berol.
836 3207 912 3260 1829.

211 3293 223 3328 2
253 3293 354 3346 Catulli
373 3292 476 3346 Tibulli
493 3293 633 3362 Propertii
652 3294 780 3356 carmina,
800 3309 856 3349 cur.
877 3293 903 3346 J.
922 3294 1037 3349 Vahlen.
1076 3294 1148 3363 Lips.
1173 3293 1266 3350 18855.

210 3381 221 3418 3
250 3382 325 3435 Albii
337 3382 440 3436 Tibulli
459 3383 564 3452 elegiae
583 3399 644 3436 cum
663 3382 827 3436 carminibus
840 3382 1110 3439 Pseudotibullianis.
1144 3384 1217 3453 Lips.
1234 3385 1310 3440 1885.

209 3469 221 3506 4
251 3470 419 3525 Tibullische
437 3472 553 3540 Blatrer,
573 3472 644 3526 Jena
665 3474 741 3540 1876,
759 3489 787 3542 p.
801 3475 836 3527 60
846 3489 917 3543 sqq.;

211 3557 234 3628 5)
252 3558 328 3613 Albii
359 3559 462 3613 Tibulli
495 3560 644 3629 elegiarum
675 3560 740 3615 libri
775 3561 843 3626 duo;
877 3563 1012 3616 accedunt
1048 3562 1312 3618 Pseudotibnlliana.

139 3647 248 3715 Lipsiae
269 3647 346 3701 1878.

183 3736 185 3742 “
210 3734 234 3804 6)
251 3734 326 3789 Albii
344 3735 446 3790 Tibulli
466 3737 586 3792 carmina
605 3755 636 3792 ex
655 3739 812 3794 recensione
826 3739 887 3794 Car.
902 3739 1070 3795 Lachmanni
1081 3741 1183 3811 passim
1196 3743 1262 3794 mut·
1272 3743 1310 3809 ta,

138 3824 200 3876 nu.
238 3823 377 3892 Goetting.
400 3827 476 3881 1835.

210 3909 233 3978 ⁷)
251 3910 342 3965 Ueber
360 3913 475 3969 Dissens
493 3914 594 3971 Tibull.
632 3917 675 3973 m.
697 3917 773 3972 Schr.
785 3918 816 3972 ΙΙ
829 3919 922 3988 (1876)
941 3936 968 3988 p.
985 3920 1132 3974 145-160.

186 4011 188 4015 ’
209 3997 233 4066 8)
251 3998 341 4056 Ueber
360 4003 418 4057 drei
437 4004 553 4073 Elegien
573 4005 620 4059 des
639 4005 772 4061 Tibullus.
810 4008 977 4062 Monatsber.
996 4007 1021 4063 d.
1041 4007 1308 4078 natanaelem,

135 4110 162 4163 p.
176 4093 326 4148 343-356.

208 4179 232 4250 ⁹)
248 4179 384 4249 Philolog.
404 4181 566 4241 Untersnch.
585 4185 615 4238 Π
627 4183 719 4254 (1881)
736 4202 762 4254 p.
779 4186 871 4242 1-47.
