<?xml version="1.0" encoding="UTF-8"?>
<!DOCTYPE html PUBLIC "-//W3C//DTD XHTML 1.0 Transitional//EN"
    "http://www.w3.org/TR/xhtml1/DTD/xhtml1-transitional.dtd">
<html xmlns="http://www.w3.org/1999/xhtml" xml:lang="en" lang="en">
 <head>
  <title>
</title>
<meta http-equiv="Content-Type" content="text/html;charset=utf-8" />
  <meta name='ocr-system' content='tesseract 3.04.00' />
  <meta name='ocr-capabilities' content='ocr_page ocr_carea ocr_par ocr_line ocrx_word'/>
</head>
<body>
  <div class='ocr_page' id='page_1' title='image "./studiatibullian00ullrgoog_0076.png"; bbox 0 0 2940 4890; ppageno 0'>
   <div class='ocr_carea' id='block_1_1' title="bbox 1285 220 1325 280">
    <p class='ocr_par' dir='ltr' id='par_1_1' title="bbox 1285 220 1325 280">
     <span class='ocr_line' id='line_1_1' title="bbox 1285 220 1325 280; baseline 0 0"><span class='ocrx_word' id='word_1_1' title='bbox 1285 220 1325 280; x_wconf 82' lang='lat'>71</span> 
     </span>
    </p>
   </div>
   <div class='ocr_carea' id='block_1_2' title="bbox 149 389 1326 2612">
    <p class='ocr_par' dir='ltr' id='par_1_2' title="bbox 149 389 1326 2183">
     <span class='ocr_line' id='line_1_2' title="bbox 152 389 1325 477; baseline 0.002 -19"><span class='ocrx_word' id='word_1_2' title='bbox 152 391 237 477; x_wconf 86' lang='lat' dir='ltr'><strong>sqq.)</strong></span> <span class='ocrx_word' id='word_1_3' title='bbox 261 391 439 457; x_wconf 79' lang='lat' dir='ltr'>incidit-</span> <span class='ocrx_word' id='word_1_4' title='bbox 462 389 525 456; x_wconf 83' lang='lat' dir='ltr'>Sed</span> <span class='ocrx_word' id='word_1_5' title='bbox 544 391 659 456; x_wconf 89' lang='lat' dir='ltr'>harum</span> <span class='ocrx_word' id='word_1_6' title='bbox 682 411 789 456; x_wconf 86' lang='lat' dir='ltr'>rorum</span> <span class='ocrx_word' id='word_1_7' title='bbox 816 397 912 472; x_wconf 88' lang='lat' dir='ltr'>„sunt</span> <span class='ocrx_word' id='word_1_8' title='bbox 942 393 1021 457; x_wconf 86' lang='lat' dir='ltr'>certi</span> <span class='ocrx_word' id='word_1_9' title='bbox 1052 394 1190 475; x_wconf 89' lang='lat' dir='ltr'>deniqne</span> <span class='ocrx_word' id='word_1_10' title='bbox 1213 393 1325 460; x_wconf 69' lang='lat' dir='ltr'>fines‘t</span> 
     </span>
     <span class='ocr_line' id='line_1_3' title="bbox 152 496 1325 582; baseline 0.003 -17"><span class='ocrx_word' id='word_1_11' title='bbox 152 500 264 582; x_wconf 84' lang='lat' dir='ltr'>Neque</span> <span class='ocrx_word' id='word_1_12' title='bbox 289 499 372 564; x_wconf 91' lang='lat' dir='ltr'>enim</span> <span class='ocrx_word' id='word_1_13' title='bbox 396 496 469 562; x_wconf 87' lang='lat' dir='ltr'>ficri</span> <span class='ocrx_word' id='word_1_14' title='bbox 492 503 602 579; x_wconf 90' lang='lat' dir='ltr'>potest</span> <span class='ocrx_word' id='word_1_15' title='bbox 625 518 684 565; x_wconf 90' lang='lat' dir='ltr'>nec</span> <span class='ocrx_word' id='word_1_16' title='bbox 707 499 838 580; x_wconf 89' lang='lat' dir='ltr'>poterit,</span> <span class='ocrx_word' id='word_1_17' title='bbox 865 498 988 580; x_wconf 86' lang='lat' dir='ltr'>opinor,</span> <span class='ocrx_word' id='word_1_18' title='bbox 1019 505 1056 564; x_wconf 93' lang='lat' dir='ltr'>ut</span> <span class='ocrx_word' id='word_1_19' title='bbox 1080 519 1161 581; x_wconf 89' lang='lat' dir='ltr'>quac</span> <span class='ocrx_word' id='word_1_20' title='bbox 1186 501 1325 568; x_wconf 88' lang='lat' dir='ltr'>testibus</span> 
     </span>
     <span class='ocr_line' id='line_1_4' title="bbox 152 604 1325 674; baseline 0.001 -2"><span class='ocrx_word' id='word_1_21' title='bbox 152 605 374 674; x_wconf 87' lang='lat' dir='ltr'>deficientibus</span> <span class='ocrx_word' id='word_1_22' title='bbox 403 604 528 669; x_wconf 89' lang='lat' dir='ltr'>lubrica</span> <span class='ocrx_word' id='word_1_23' title='bbox 556 610 631 671; x_wconf 87' lang='lat' dir='ltr'>sunt</span> <span class='ocrx_word' id='word_1_24' title='bbox 666 611 699 670; x_wconf 91' lang='lat' dir='ltr'>et</span> <span class='ocrx_word' id='word_1_25' title='bbox 726 606 897 670; x_wconf 82' lang='lat' dir='ltr'>admodum</span> <span class='ocrx_word' id='word_1_26' title='bbox 925 605 1049 672; x_wconf 89' lang='lat' dir='ltr'>incerta</span> <span class='ocrx_word' id='word_1_27' title='bbox 1078 625 1117 672; x_wconf 87' lang='lat' dir='ltr'>ea</span> <span class='ocrx_word' id='word_1_28' title='bbox 1141 613 1229 673; x_wconf 88' lang='lat' dir='ltr'>certa</span> <span class='ocrx_word' id='word_1_29' title='bbox 1252 609 1325 673; x_wconf 88' lang='lat' dir='ltr'>red·</span> 
     </span>
     <span class='ocr_line' id='line_1_5' title="bbox 152 711 1325 795; baseline 0 -15"><span class='ocrx_word' id='word_1_30' title='bbox 152 716 279 793; x_wconf 86' lang='lat' dir='ltr'>dantur,</span> <span class='ocrx_word' id='word_1_31' title='bbox 304 731 408 795; x_wconf 86' lang='lat' dir='ltr'>neque</span> <span class='ocrx_word' id='word_1_32' title='bbox 425 731 531 776; x_wconf 93' lang='lat' dir='ltr'>meum</span> <span class='ocrx_word' id='word_1_33' title='bbox 553 717 603 777; x_wconf 92' lang='lat' dir='ltr'>est</span> <span class='ocrx_word' id='word_1_34' title='bbox 627 711 686 776; x_wconf 91' lang='lat' dir='ltr'>hoc</span> <span class='ocrx_word' id='word_1_35' title='bbox 708 711 778 776; x_wconf 91' lang='lat' dir='ltr'>loco</span> <span class='ocrx_word' id='word_1_36' title='bbox 799 711 927 794; x_wconf 81' lang='lat' dir='ltr'>longius</span> <span class='ocrx_word' id='word_1_37' title='bbox 943 712 1112 778; x_wconf 83' lang='lat' dir='ltr'>disserere.</span> <span class='ocrx_word' id='word_1_38' title='bbox 1153 714 1216 780; x_wconf 86' lang='lat' dir='ltr'>Sed</span> <span class='ocrx_word' id='word_1_39' title='bbox 1229 715 1325 780; x_wconf 91' lang='lat' dir='ltr'>Birtii</span> 
     </span>
     <span class='ocr_line' id='line_1_6' title="bbox 152 817 1324 903; baseline 0.001 -17"><span class='ocrx_word' id='word_1_40' title='bbox 152 820 354 899; x_wconf 91' lang='lat' dir='ltr'>coniecturis,</span> <span class='ocrx_word' id='word_1_41' title='bbox 388 838 470 901; x_wconf 89' lang='lat' dir='ltr'>quac</span> <span class='ocrx_word' id='word_1_42' title='bbox 495 818 586 900; x_wconf 82' lang='lat' dir='ltr'>ipsae</span> <span class='ocrx_word' id='word_1_43' title='bbox 617 818 817 899; x_wconf 86' lang='lat' dir='ltr'>„brevitate“</span> <span class='ocrx_word' id='word_1_44' title='bbox 843 817 918 882; x_wconf 92' lang='lat' dir='ltr'>libri</span> <span class='ocrx_word' id='word_1_45' title='bbox 949 820 1081 884; x_wconf 86' lang='lat' dir='ltr'>secundi</span> <span class='ocrx_word' id='word_1_46' title='bbox 1104 826 1211 886; x_wconf 89' lang='lat' dir='ltr'>motae</span> <span class='ocrx_word' id='word_1_47' title='bbox 1240 826 1324 903; x_wconf 91' lang='lat' dir='ltr'>sunt,</span> 
     </span>
     <span class='ocr_line' id='line_1_7' title="bbox 152 924 1325 1010; baseline 0.002 -18"><span class='ocrx_word' id='word_1_48' title='bbox 152 926 286 992; x_wconf 88' lang='lat' dir='ltr'>excitati</span> <span class='ocrx_word' id='word_1_49' title='bbox 310 924 450 991; x_wconf 83' lang='lat' dir='ltr'>ollicinm</span> <span class='ocrx_word' id='word_1_50' title='bbox 480 925 588 990; x_wconf 88' lang='lat' dir='ltr'>subire</span> <span class='ocrx_word' id='word_1_51' title='bbox 618 925 835 990; x_wconf 88' lang='lat' dir='ltr'>necessarium</span> <span class='ocrx_word' id='word_1_52' title='bbox 865 942 936 990; x_wconf 89' lang='lat' dir='ltr'>esse</span> <span class='ocrx_word' id='word_1_53' title='bbox 959 926 1153 1007; x_wconf 75' lang='lat' dir='ltr'>putavimus</span> <span class='ocrx_word' id='word_1_54' title='bbox 1184 933 1325 1010; x_wconf 84' lang='lat' dir='ltr'>atquae</span> 
     </span>
     <span class='ocr_line' id='line_1_8' title="bbox 151 1032 1326 1116; baseline 0.003 -18"><span class='ocrx_word' id='word_1_55' title='bbox 151 1033 384 1116; x_wconf 80' lang='lat' dir='ltr'>probabilitate</span> <span class='ocrx_word' id='word_1_56' title='bbox 409 1033 470 1096; x_wconf 91' lang='lat' dir='ltr'>niti</span> <span class='ocrx_word' id='word_1_57' title='bbox 486 1032 672 1098; x_wconf 88' lang='lat' dir='ltr'>viderentur</span> <span class='ocrx_word' id='word_1_58' title='bbox 697 1051 779 1113; x_wconf 89' lang='lat' dir='ltr'>quae</span> <span class='ocrx_word' id='word_1_59' title='bbox 795 1050 878 1098; x_wconf 83' lang='lat' dir='ltr'>vana</span> <span class='ocrx_word' id='word_1_60' title='bbox 895 1036 1004 1097; x_wconf 88' lang='lat' dir='ltr'>essent</span> <span class='ocrx_word' id='word_1_61' title='bbox 1020 1032 1268 1100; x_wconf 88' lang='lat' dir='ltr'>diiudicaremns</span> <span class='ocrx_word' id='word_1_62' title='bbox 1293 1041 1326 1101; x_wconf 91' lang='lat' dir='ltr'>et</span> 
     </span>
     <span class='ocr_line' id='line_1_9' title="bbox 154 1138 1325 1222; baseline 0.002 -16"><span class='ocrx_word' id='word_1_63' title='bbox 154 1142 195 1206; x_wconf 90' lang='lat' dir='ltr'>ad</span> <span class='ocrx_word' id='word_1_64' title='bbox 213 1160 307 1222; x_wconf 92' lang='lat' dir='ltr'>quem</span> <span class='ocrx_word' id='word_1_65' title='bbox 332 1140 466 1222; x_wconf 83' lang='lat' dir='ltr'>gradum</span> <span class='ocrx_word' id='word_1_66' title='bbox 490 1139 781 1205; x_wconf 85' lang='lat' dir='ltr'>verisimilitudinis</span> <span class='ocrx_word' id='word_1_67' title='bbox 806 1140 838 1203; x_wconf 93' lang='lat' dir='ltr'>in</span> <span class='ocrx_word' id='word_1_68' title='bbox 860 1139 909 1203; x_wconf 89' lang='lat' dir='ltr'>his</span> <span class='ocrx_word' id='word_1_69' title='bbox 925 1138 1022 1204; x_wconf 89' lang='lat' dir='ltr'>rebus</span> <span class='ocrx_word' id='word_1_70' title='bbox 1045 1141 1158 1206; x_wconf 89' lang='lat' dir='ltr'>liceret</span> <span class='ocrx_word' id='word_1_71' title='bbox 1172 1143 1325 1208; x_wconf 85' lang='lat' dir='ltr'>accedere</span> 
     </span>
     <span class='ocr_line' id='line_1_10' title="bbox 151 1245 1321 1336; baseline 0 -23"><span class='ocrx_word' id='word_1_72' title='bbox 151 1254 392 1329; x_wconf 87' lang='lat' dir='ltr'>exponeremus.</span> <span class='ocrx_word' id='word_1_73' title='bbox 431 1246 467 1322; x_wconf 93' lang='lat' dir='ltr'>Id</span> <span class='ocrx_word' id='word_1_74' title='bbox 486 1250 594 1336; x_wconf 84' lang='lat' dir='ltr'>autem</span> <span class='ocrx_word' id='word_1_75' title='bbox 610 1245 823 1326; x_wconf 88' lang='lat' dir='ltr'>probabiliter</span> <span class='ocrx_word' id='word_1_76' title='bbox 839 1247 1078 1313; x_wconf 87' lang='lat' dir='ltr'>demonstrasse</span> <span class='ocrx_word' id='word_1_77' title='bbox 1099 1248 1177 1311; x_wconf 90' lang='lat' dir='ltr'>mihi</span> <span class='ocrx_word' id='word_1_78' title='bbox 1200 1248 1321 1330; x_wconf 85' lang='lat' dir='ltr'>videor,</span> 
     </span>
     <span class='ocr_line' id='line_1_11' title="bbox 151 1352 1325 1437; baseline 0.001 -19"><span class='ocrx_word' id='word_1_79' title='bbox 151 1356 237 1436; x_wconf 91' lang='lat' dir='ltr'>quod</span> <span class='ocrx_word' id='word_1_80' title='bbox 265 1355 381 1420; x_wconf 90' lang='lat' dir='ltr'>statuit</span> <span class='ocrx_word' id='word_1_81' title='bbox 411 1354 532 1418; x_wconf 89' lang='lat' dir='ltr'>Birtius</span> <span class='ocrx_word' id='word_1_82' title='bbox 562 1372 625 1418; x_wconf 90' lang='lat' dir='ltr'>non</span> <span class='ocrx_word' id='word_1_83' title='bbox 654 1353 755 1417; x_wconf 91' lang='lat' dir='ltr'>multo</span> <span class='ocrx_word' id='word_1_84' title='bbox 784 1358 859 1435; x_wconf 90' lang='lat' dir='ltr'>post</span> <span class='ocrx_word' id='word_1_85' title='bbox 889 1352 1007 1417; x_wconf 92' lang='lat' dir='ltr'>Tibulli</span> <span class='ocrx_word' id='word_1_86' title='bbox 1039 1358 1175 1418; x_wconf 92' lang='lat' dir='ltr'>mortem</span> <span class='ocrx_word' id='word_1_87' title='bbox 1200 1354 1325 1437; x_wconf 75' lang='lat' dir='ltr'>hygda·</span> 
     </span>
     <span class='ocr_line' id='line_1_12' title="bbox 150 1457 1323 1527; baseline 0.002 -2"><span class='ocrx_word' id='word_1_88' title='bbox 150 1480 236 1525; x_wconf 93' lang='lat' dir='ltr'>mnm</span> <span class='ocrx_word' id='word_1_89' title='bbox 264 1461 346 1526; x_wconf 93' lang='lat' dir='ltr'>libro</span> <span class='ocrx_word' id='word_1_90' title='bbox 375 1460 514 1525; x_wconf 91' lang='lat' dir='ltr'>secundo</span> <span class='ocrx_word' id='word_1_91' title='bbox 544 1457 726 1523; x_wconf 89' lang='lat' dir='ltr'>Tibulliano</span> <span class='ocrx_word' id='word_1_92' title='bbox 755 1458 899 1525; x_wconf 85' lang='lat' dir='ltr'>aSosiis</span> <span class='ocrx_word' id='word_1_93' title='bbox 930 1460 1090 1526; x_wconf 91' lang='lat' dir='ltr'>adiectum</span> <span class='ocrx_word' id='word_1_94' title='bbox 1120 1479 1190 1526; x_wconf 91' lang='lat' dir='ltr'>cum</span> <span class='ocrx_word' id='word_1_95' title='bbox 1222 1481 1258 1526; x_wconf 90' lang='lat' dir='ltr'>eo</span> <span class='ocrx_word' id='word_1_96' title='bbox 1290 1462 1323 1527; x_wconf 92' lang='lat' dir='ltr'>in</span> 
     </span>
     <span class='ocr_line' id='line_1_13' title="bbox 150 1566 1323 1648; baseline 0.002 -17"><span class='ocrx_word' id='word_1_97' title='bbox 150 1586 248 1631; x_wconf 91' lang='lat' dir='ltr'>unum</span> <span class='ocrx_word' id='word_1_98' title='bbox 283 1568 451 1648; x_wconf 85' lang='lat' dir='ltr'>coaluisse,</span> <span class='ocrx_word' id='word_1_99' title='bbox 487 1571 575 1631; x_wconf 88' lang='lat' dir='ltr'>stare</span> <span class='ocrx_word' id='word_1_100' title='bbox 612 1585 676 1630; x_wconf 93' lang='lat' dir='ltr'>non</span> <span class='ocrx_word' id='word_1_101' title='bbox 712 1584 817 1647; x_wconf 89' lang='lat' dir='ltr'>posse.</span> <span class='ocrx_word' id='word_1_102' title='bbox 871 1566 1003 1648; x_wconf 90' lang='lat' dir='ltr'>lamque</span> <span class='ocrx_word' id='word_1_103' title='bbox 1038 1568 1182 1634; x_wconf 88' lang='lat' dir='ltr'>videmus</span> <span class='ocrx_word' id='word_1_104' title='bbox 1219 1568 1323 1634; x_wconf 88' lang='lat' dir='ltr'>virum</span> 
     </span>
     <span class='ocr_line' id='line_1_14' title="bbox 151 1673 1324 1755; baseline 0.003 -16"><span class='ocrx_word' id='word_1_105' title='bbox 151 1675 278 1740; x_wconf 89' lang='lat' dir='ltr'>doctum</span> <span class='ocrx_word' id='word_1_106' title='bbox 307 1675 339 1739; x_wconf 94' lang='lat' dir='ltr'>in</span> <span class='ocrx_word' id='word_1_107' title='bbox 369 1675 453 1738; x_wconf 92' lang='lat' dir='ltr'>hunc</span> <span class='ocrx_word' id='word_1_108' title='bbox 481 1692 624 1738; x_wconf 87' lang='lat' dir='ltr'>errorem</span> <span class='ocrx_word' id='word_1_109' title='bbox 648 1673 819 1737; x_wconf 91' lang='lat' dir='ltr'>deductum</span> <span class='ocrx_word' id='word_1_110' title='bbox 850 1692 992 1750; x_wconf 79' lang='lat' dir='ltr'>caseon,</span> <span class='ocrx_word' id='word_1_111' title='bbox 1017 1675 1324 1755; x_wconf 89' lang='lat' dir='ltr'>quodnumerum</span> 
     </span>
     <span class='ocr_line' id='line_1_15' title="bbox 150 1779 1324 1863; baseline 0 -16"><span class='ocrx_word' id='word_1_112' title='bbox 150 1802 199 1847; x_wconf 91' lang='lat' dir='ltr'>vv.</span> <span class='ocrx_word' id='word_1_113' title='bbox 225 1783 290 1844; x_wconf 79' lang='lat'>428</span> <span class='ocrx_word' id='word_1_114' title='bbox 315 1781 388 1862; x_wconf 89' lang='lat' dir='ltr'>plus</span> <span class='ocrx_word' id='word_1_115' title='bbox 412 1799 514 1862; x_wconf 90' lang='lat' dir='ltr'>aequo</span> <span class='ocrx_word' id='word_1_116' title='bbox 534 1779 711 1862; x_wconf 86' lang='lat' dir='ltr'>respiciens</span> <span class='ocrx_word' id='word_1_117' title='bbox 735 1797 810 1842; x_wconf 94' lang='lat' dir='ltr'>uum</span> <span class='ocrx_word' id='word_1_118' title='bbox 834 1798 897 1843; x_wconf 89' lang='lat' dir='ltr'>res</span> <span class='ocrx_word' id='word_1_119' title='bbox 921 1779 1074 1845; x_wconf 88' lang='lat' dir='ltr'>brevitati</span> <span class='ocrx_word' id='word_1_120' title='bbox 1090 1783 1324 1863; x_wconf 89' lang='lat' dir='ltr'>responderent</span> 
     </span>
     <span class='ocr_line' id='line_1_16' title="bbox 149 1884 1323 1971; baseline 0.001 -18"><span class='ocrx_word' id='word_1_121' title='bbox 149 1908 214 1953; x_wconf 92' lang='lat' dir='ltr'>non</span> <span class='ocrx_word' id='word_1_122' title='bbox 243 1887 464 1968; x_wconf 75' lang='lat' dir='ltr'>investigavit,</span> <span class='ocrx_word' id='word_1_123' title='bbox 495 1906 557 1968; x_wconf 89' lang='lat' dir='ltr'>quo</span> <span class='ocrx_word' id='word_1_124' title='bbox 586 1884 706 1951; x_wconf 86' lang='lat' dir='ltr'>factum</span> <span class='ocrx_word' id='word_1_125' title='bbox 737 1889 788 1950; x_wconf 88' lang='lat' dir='ltr'>est</span> <span class='ocrx_word' id='word_1_126' title='bbox 818 1890 855 1949; x_wconf 93' lang='lat' dir='ltr'>ut</span> <span class='ocrx_word' id='word_1_127' title='bbox 883 1890 976 1951; x_wconf 89' lang='lat' dir='ltr'>acute</span> <span class='ocrx_word' id='word_1_128' title='bbox 1005 1887 1045 1952; x_wconf 94' lang='lat' dir='ltr'>de</span> <span class='ocrx_word' id='word_1_129' title='bbox 1069 1888 1231 1954; x_wconf 87' lang='lat' dir='ltr'>Martialis</span> <span class='ocrx_word' id='word_1_130' title='bbox 1256 1890 1323 1971; x_wconf 92' lang='lat' dir='ltr'>epi-</span> 
     </span>
     <span class='ocr_line' id='line_1_17' title="bbox 149 1990 1323 2078; baseline 0.003 -19"><span class='ocrx_word' id='word_1_131' title='bbox 149 1998 329 2077; x_wconf 81' lang='lat' dir='ltr'>grammate</span> <span class='ocrx_word' id='word_1_132' title='bbox 360 1993 415 2058; x_wconf 95' lang='lat' dir='ltr'>ill0</span> <span class='ocrx_word' id='word_1_133' title='bbox 447 1994 588 2059; x_wconf 88' lang='lat' dir='ltr'>sentiens</span> <span class='ocrx_word' id='word_1_134' title='bbox 618 2011 737 2074; x_wconf 87' lang='lat' dir='ltr'>operae</span> <span class='ocrx_word' id='word_1_135' title='bbox 769 1990 907 2058; x_wconf 86' lang='lat' dir='ltr'>fructum</span> <span class='ocrx_word' id='word_1_136' title='bbox 936 1994 1070 2060; x_wconf 91' lang='lat' dir='ltr'>nonita</span> <span class='ocrx_word' id='word_1_137' title='bbox 1103 2001 1139 2061; x_wconf 94' lang='lat' dir='ltr'>ut</span> <span class='ocrx_word' id='word_1_138' title='bbox 1168 2015 1229 2078; x_wconf 89' lang='lat' dir='ltr'>par</span> <span class='ocrx_word' id='word_1_139' title='bbox 1252 2002 1323 2062; x_wconf 87' lang='lat' dir='ltr'>erat</span> 
     </span>
     <span class='ocr_line' id='line_1_18' title="bbox 150 2087 726 2183; baseline -0.002 -16"><span class='ocrx_word' id='word_1_140' title='bbox 150 2106 289 2183; x_wconf 91' lang='lat' dir='ltr'>caperet.</span> <span class='ocrx_word' id='word_1_141' title='bbox 723 2087 726 2094; x_wconf 43' lang='lat'>¹</span> 
     </span>
    </p>

    <p class='ocr_par' dir='ltr' id='par_1_3' title="bbox 149 2206 1323 2612">
     <span class='ocr_line' id='line_1_19' title="bbox 240 2206 1323 2290; baseline 0.003 -18"><span class='ocrx_word' id='word_1_142' title='bbox 240 2208 330 2286; x_wconf 82' lang='lat' dir='ltr'>Quod</span> <span class='ocrx_word' id='word_1_143' title='bbox 358 2207 481 2273; x_wconf 90' lang='lat' dir='ltr'>Birtius</span> <span class='ocrx_word' id='word_1_144' title='bbox 516 2226 579 2272; x_wconf 92' lang='lat' dir='ltr'>nou</span> <span class='ocrx_word' id='word_1_145' title='bbox 609 2206 708 2272; x_wconf 87' lang='lat' dir='ltr'>subiit</span> <span class='ocrx_word' id='word_1_146' title='bbox 736 2207 770 2271; x_wconf 91' lang='lat' dir='ltr'>id</span> <span class='ocrx_word' id='word_1_147' title='bbox 796 2226 911 2272; x_wconf 92' lang='lat' dir='ltr'>munus</span> <span class='ocrx_word' id='word_1_148' title='bbox 940 2208 1084 2290; x_wconf 92' lang='lat' dir='ltr'>suscepit</span> <span class='ocrx_word' id='word_1_149' title='bbox 1105 2208 1250 2275; x_wconf 90' lang='lat' dir='ltr'>Hillerus</span> <span class='ocrx_word' id='word_1_150' title='bbox 1274 2210 1323 2276; x_wconf 87' lang='lat' dir='ltr'>vir</span> 
     </span>
     <span class='ocr_line' id='line_1_20' title="bbox 149 2313 1321 2395; baseline 0.004 -16"><span class='ocrx_word' id='word_1_151' title='bbox 149 2315 189 2379; x_wconf 90' lang='lat' dir='ltr'>de</span> <span class='ocrx_word' id='word_1_152' title='bbox 214 2313 340 2380; x_wconf 88' lang='lat' dir='ltr'>Tibullo</span> <span class='ocrx_word' id='word_1_153' title='bbox 365 2318 495 2395; x_wconf 88' lang='lat' dir='ltr'>praeter</span> <span class='ocrx_word' id='word_1_154' title='bbox 520 2319 643 2380; x_wconf 88' lang='lat' dir='ltr'>ceteros</span> <span class='ocrx_word' id='word_1_155' title='bbox 668 2313 817 2393; x_wconf 84' lang='lat' dir='ltr'>meritus3</span> <span class='ocrx_word' id='word_1_156' title='bbox 843 2314 897 2395; x_wconf 86' lang='lat' dir='ltr'>qui</span> <span class='ocrx_word' id='word_1_157' title='bbox 921 2333 993 2379; x_wconf 89' lang='lat' dir='ltr'>cum</span> <span class='ocrx_word' id='word_1_158' title='bbox 1016 2316 1103 2382; x_wconf 90' lang='lat' dir='ltr'>illius</span> <span class='ocrx_word' id='word_1_159' title='bbox 1121 2317 1321 2384; x_wconf 87' lang='lat' dir='ltr'>coniecturas</span> 
     </span>
     <span class='ocr_line' id='line_1_21' title="bbox 149 2418 1321 2502; baseline 0.006 -19"><span class='ocrx_word' id='word_1_160' title='bbox 149 2437 187 2483; x_wconf 84' lang='lat' dir='ltr'>er</span> <span class='ocrx_word' id='word_1_161' title='bbox 210 2424 304 2501; x_wconf 90' lang='lat' dir='ltr'>parte</span> <span class='ocrx_word' id='word_1_162' title='bbox 327 2418 517 2486; x_wconf 85' lang='lat' dir='ltr'>refutaverit</span> <span class='ocrx_word' id='word_1_163' title='bbox 540 2421 611 2502; x_wconf 90' lang='lat' dir='ltr'>ipse</span> <span class='ocrx_word' id='word_1_164' title='bbox 635 2420 712 2502; x_wconf 89' lang='lat' dir='ltr'>quid</span> <span class='ocrx_word' id='word_1_165' title='bbox 736 2420 856 2486; x_wconf 90' lang='lat' dir='ltr'>sentiat</span> <span class='ocrx_word' id='word_1_166' title='bbox 880 2421 919 2486; x_wconf 89' lang='lat' dir='ltr'>de</span> <span class='ocrx_word' id='word_1_167' title='bbox 943 2422 1019 2487; x_wconf 90' lang='lat' dir='ltr'>libri</span> <span class='ocrx_word' id='word_1_168' title='bbox 1043 2424 1175 2488; x_wconf 89' lang='lat' dir='ltr'>secundi</span> <span class='ocrx_word' id='word_1_169' title='bbox 1198 2424 1321 2490; x_wconf 89' lang='lat' dir='ltr'>ambitu</span> 
     </span>
     <span class='ocr_line' id='line_1_22' title="bbox 151 2526 1323 2612; baseline 0.003 -21"><span class='ocrx_word' id='word_1_170' title='bbox 151 2527 313 2607; x_wconf 83' lang='lat' dir='ltr'>„minore“</span> <span class='ocrx_word' id='word_1_171' title='bbox 340 2528 447 2610; x_wconf 82' lang='lat' dir='ltr'>aperit</span> <span class='ocrx_word' id='word_1_172' title='bbox 473 2528 520 2592; x_wconf 87' lang='lat' dir='ltr'>ica</span> <span class='ocrx_word' id='word_1_173' title='bbox 548 2528 581 2609; x_wconf 84' lang='lat' dir='ltr'>(l.</span> <span class='ocrx_word' id='word_1_174' title='bbox 607 2526 629 2592; x_wconf 90' lang='lat' dir='ltr'>l.</span> <span class='ocrx_word' id='word_1_175' title='bbox 653 2547 685 2609; x_wconf 90' lang='lat' dir='ltr'>p.</span> <span class='ocrx_word' id='word_1_176' title='bbox 703 2528 767 2593; x_wconf 82' lang='lat'>352</span> <span class='ocrx_word' id='word_1_177' title='bbox 784 2528 860 2612; x_wconf 89' lang='lat' dir='ltr'>sq.):</span> <span class='ocrx_word' id='word_1_178' title='bbox 888 2529 981 2602; x_wconf 80' lang='lat' dir='ltr'>„Dae</span> <span class='ocrx_word' id='word_1_179' title='bbox 1008 2531 1111 2595; x_wconf 71' lang='lat' dir='ltr'>aweite</span> <span class='ocrx_word' id='word_1_180' title='bbox 1132 2531 1225 2594; x_wconf 78' lang='lat' dir='ltr'>Baelo</span> <span class='ocrx_word' id='word_1_181' title='bbox 1249 2533 1323 2596; x_wconf 78' lang='lat' dir='ltr'>uber</span> 
     </span>
    </p>
   </div>
   <div class='ocr_carea' id='block_1_3' title="bbox 148 2636 1414 2716">
    <p class='ocr_par' dir='ltr' id='par_1_4' title="bbox 148 2636 1414 2716">
     <span class='ocr_line' id='line_1_23' title="bbox 148 2636 1414 2716; baseline 0.003 -18"><span class='ocrx_word' id='word_1_182' title='bbox 148 2637 197 2714; x_wconf 77' lang='lat' dir='ltr'>ist,</span> <span class='ocrx_word' id='word_1_183' title='bbox 222 2637 278 2699; x_wconf 85' lang='lat' dir='ltr'>wc&#39;e</span> <span class='ocrx_word' id='word_1_184' title='bbox 301 2659 376 2699; x_wconf 82' lang='lat' dir='ltr'>mon</span> <span class='ocrx_word' id='word_1_185' title='bbox 400 2637 455 2698; x_wconf 81' lang='lat' dir='ltr'>mit</span> <span class='ocrx_word' id='word_1_186' title='bbox 477 2636 573 2700; x_wconf 81' lang='lat' dir='ltr'>Recld</span> <span class='ocrx_word' id='word_1_187' title='bbox 596 2637 764 2716; x_wconf 75' lang='lat' dir='ltr'>deciment,</span> <span class='ocrx_word' id='word_1_188' title='bbox 794 2637 873 2699; x_wconf 80' lang='lat' dir='ltr'>need</span> <span class='ocrx_word' id='word_1_189' title='bbox 896 2639 966 2701; x_wconf 85' lang='lat' dir='ltr'>dem</span> <span class='ocrx_word' id='word_1_190' title='bbox 994 2638 1076 2702; x_wconf 84' lang='lat' dir='ltr'>Tude</span> <span class='ocrx_word' id='word_1_191' title='bbox 1099 2639 1152 2702; x_wconf 83' lang='lat' dir='ltr'>deo</span> <span class='ocrx_word' id='word_1_192' title='bbox 1175 2639 1322 2703; x_wconf 77' lang='lat' dir='ltr'>Dichters</span> <span class='ocrx_word' id='word_1_193' title='bbox 1412 2708 1414 2712; x_wconf 50' lang='grc'>,</span> 
     </span>
    </p>
   </div>
   <div class='ocr_carea' id='block_1_4' title="bbox 100 2742 1322 3044">
    <p class='ocr_par' dir='ltr' id='par_1_5' title="bbox 100 2742 1322 3044">
     <span class='ocr_line' id='line_1_24' title="bbox 147 2742 1322 2829; baseline 0.003 -23"><span class='ocrx_word' id='word_1_194' title='bbox 147 2743 403 2828; x_wconf 64' lang='grc' dir='ltr'>Ιιεναῑιερερεόεης</span> <span class='ocrx_word' id='word_1_195' title='bbox 439 2766 527 2807; x_wconf 78' lang='lat' dir='ltr'>weram</span> <span class='ocrx_word' id='word_1_196' title='bbox 561 2766 626 2806; x_wconf 81' lang='lat' dir='ltr'>aaa</span> <span class='ocrx_word' id='word_1_197' title='bbox 659 2743 715 2808; x_wconf 79' lang='lat' dir='ltr'>der</span> <span class='ocrx_word' id='word_1_198' title='bbox 739 2742 955 2829; x_wconf 72' lang='lat' dir='ltr'>Heraeapeber</span> <span class='ocrx_word' id='word_1_199' title='bbox 986 2746 1051 2808; x_wconf 84' lang='lat' dir='ltr'>ee&#39;ne</span> <span class='ocrx_word' id='word_1_200' title='bbox 1077 2757 1217 2829; x_wconf 72' lang='lat' dir='ltr'>poducere</span> <span class='ocrx_word' id='word_1_201' title='bbox 1240 2746 1322 2809; x_wconf 81' lang='lat' dir='ltr'>Zald</span> 
     </span>
     <span class='ocr_line' id='line_1_25' title="bbox 148 2847 1321 2937; baseline 0.003 -25"><span class='ocrx_word' id='word_1_202' title='bbox 148 2873 206 2915; x_wconf 81' lang='lat' dir='ltr'>von</span> <span class='ocrx_word' id='word_1_203' title='bbox 226 2851 431 2915; x_wconf 80' lang='lat' dir='ltr'>Tibulle&#39;ccben</span> <span class='ocrx_word' id='word_1_204' title='bbox 454 2847 620 2916; x_wconf 77' lang='lat' dir='ltr'>Gedicdlen</span> <span class='ocrx_word' id='word_1_205' title='bbox 643 2851 790 2915; x_wconf 77' lang='lat' dir='ltr'>enodabat</span> <span class='ocrx_word' id='word_1_206' title='bbox 812 2852 895 2914; x_wconf 63' lang='lat' dir='ltr'>niem</span> <span class='ocrx_word' id='word_1_207' title='bbox 918 2851 1089 2937; x_wconf 82' lang='lat' dir='ltr'>auflrec&#39;ben</span> <span class='ocrx_word' id='word_1_208' title='bbox 1113 2853 1231 2926; x_wconf 81' lang='lat' dir='ltr'>donate,</span> <span class='ocrx_word' id='word_1_209' title='bbox 1257 2877 1321 2917; x_wconf 80' lang='lat' dir='ltr'>coos</span> 
     </span>
     <span class='ocr_line' id='line_1_26' title="bbox 100 2958 1319 3044; baseline 0.006 -26"><span class='ocrx_word' id='word_1_210' title='bbox 100 3011 104 3018; x_wconf 92' lang='lat'>.</span> <span class='ocrx_word' id='word_1_211' title='bbox 149 2958 226 3023; x_wconf 72' lang='lat' dir='ltr'>blial&gt;</span> <span class='ocrx_word' id='word_1_212' title='bbox 249 2958 314 3021; x_wconf 70' lang='lat' dir='ltr'>ilar</span> <span class='ocrx_word' id='word_1_213' title='bbox 337 2960 450 3022; x_wconf 80' lang='lat' dir='ltr'>andere</span> <span class='ocrx_word' id='word_1_214' title='bbox 467 2960 566 3043; x_wconf 65' lang='lat' dir='ltr'>albede,</span> <span class='ocrx_word' id='word_1_215' title='bbox 592 2959 639 3021; x_wconf 80' lang='lat' dir='ltr'>eda</span> <span class='ocrx_word' id='word_1_216' title='bbox 654 2960 712 3022; x_wconf 83' lang='lat' dir='ltr'>das</span> <span class='ocrx_word' id='word_1_217' title='bbox 728 2959 792 3022; x_wconf 76' lang='lat' dir='ltr'>idm</span> <span class='ocrx_word' id='word_1_218' title='bbox 808 2958 998 3043; x_wconf 71' lang='lat' dir='ltr'>vorliepende</span> <span class='ocrx_word' id='word_1_219' title='bbox 1013 2982 1052 3022; x_wconf 78' lang='lat' dir='ltr'>ecc</span> <span class='ocrx_word' id='word_1_220' title='bbox 1067 2959 1319 3044; x_wconf 73' lang='lat' dir='ltr'>eeroffentliedem</span> 
     </span>
    </p>
   </div>
   <div class='ocr_carea' id='block_1_5' title="bbox 148 3063 1431 3150">
    <p class='ocr_par' dir='ltr' id='par_1_6' title="bbox 148 3063 1431 3150">
     <span class='ocr_line' id='line_1_27' title="bbox 148 3063 1431 3150; baseline 0.003 -22"><span class='ocrx_word' id='word_1_221' title='bbox 148 3087 181 3128; x_wconf 82' lang='lat' dir='ltr'>so</span> <span class='ocrx_word' id='word_1_222' title='bbox 204 3064 263 3129; x_wconf 84' lang='lat' dir='ltr'>niel</span> <span class='ocrx_word' id='word_1_223' title='bbox 287 3065 361 3129; x_wconf 77' lang='lat' dir='ltr'>oder</span> <span class='ocrx_word' id='word_1_224' title='bbox 385 3088 417 3128; x_wconf 85' lang='lat' dir='ltr'>so</span> <span class='ocrx_word' id='word_1_225' title='bbox 442 3066 540 3150; x_wconf 71' lang='lat' dir='ltr'>wenip</span> <span class='ocrx_word' id='word_1_226' title='bbox 563 3089 593 3129; x_wconf 81' lang='lat' dir='ltr'>es</span> <span class='ocrx_word' id='word_1_227' title='bbox 616 3090 681 3130; x_wconf 76' lang='lat' dir='ltr'>etun</span> <span class='ocrx_word' id='word_1_228' title='bbox 706 3068 821 3130; x_wconf 81' lang='lat' dir='ltr'>einmal</span> <span class='ocrx_word' id='word_1_229' title='bbox 844 3063 952 3130; x_wconf 76' lang='lat' dir='ltr'>war?“</span> <span class='ocrx_word' id='word_1_230' title='bbox 1001 3065 1102 3144; x_wconf 82' lang='lat' dir='ltr'>Quam</span> <span class='ocrx_word' id='word_1_231' title='bbox 1126 3068 1320 3132; x_wconf 82' lang='lat' dir='ltr'>sententiam</span> <span class='ocrx_word' id='word_1_232' title='bbox 1428 3111 1431 3119; x_wconf 87' lang='lat'>·</span> 
     </span>
    </p>
   </div>
   <div class='ocr_carea' id='block_1_6' title="bbox 144 3170 1321 4224">
    <p class='ocr_par' dir='ltr' id='par_1_7' title="bbox 144 3170 1321 4224">
     <span class='ocr_line' id='line_1_28' title="bbox 147 3170 1321 3254; baseline 0.003 -20"><span class='ocrx_word' id='word_1_233' title='bbox 147 3170 180 3235; x_wconf 92' lang='lat' dir='ltr'>in</span> <span class='ocrx_word' id='word_1_234' title='bbox 216 3171 357 3237; x_wconf 91' lang='lat' dir='ltr'>editione</span> <span class='ocrx_word' id='word_1_235' title='bbox 393 3191 488 3254; x_wconf 88' lang='lat' dir='ltr'>quam</span> <span class='ocrx_word' id='word_1_236' title='bbox 523 3173 594 3253; x_wconf 88' lang='lat' dir='ltr'>ipse</span> <span class='ocrx_word' id='word_1_237' title='bbox 629 3173 754 3238; x_wconf 87' lang='lat' dir='ltr'>curavit</span> <span class='ocrx_word' id='word_1_238' title='bbox 788 3174 909 3254; x_wconf 88' lang='lat' dir='ltr'>repetit</span> <span class='ocrx_word' id='word_1_239' title='bbox 943 3174 1005 3239; x_wconf 89' lang='lat' dir='ltr'>ita:</span> <span class='ocrx_word' id='word_1_240' title='bbox 1045 3176 1213 3249; x_wconf 73' lang='lat' dir='ltr'>„Brevitas</span> <span class='ocrx_word' id='word_1_241' title='bbox 1247 3175 1321 3238; x_wconf 74' lang='lat' dir='ltr'>libri</span> 
     </span>
     <span class='ocr_line' id='line_1_29' title="bbox 147 3280 1320 3368; baseline 0.003 -27"><span class='ocrx_word' id='word_1_242' title='bbox 147 3280 274 3343; x_wconf 81' lang='lat' dir='ltr'>secandi</span> <span class='ocrx_word' id='word_1_243' title='bbox 297 3303 333 3344; x_wconf 81' lang='lat' dir='ltr'>eu</span> <span class='ocrx_word' id='word_1_244' title='bbox 349 3302 382 3344; x_wconf 92' lang='lat' dir='ltr'>eo</span> <span class='ocrx_word' id='word_1_245' title='bbox 399 3280 584 3364; x_wconf 69' lang='lat' dir='ltr'>explicanda</span> <span class='ocrx_word' id='word_1_246' title='bbox 599 3281 728 3354; x_wconf 77' lang='lat' dir='ltr'>videtur,</span> <span class='ocrx_word' id='word_1_247' title='bbox 755 3282 837 3366; x_wconf 81' lang='lat' dir='ltr'>quod</span> <span class='ocrx_word' id='word_1_248' title='bbox 852 3281 926 3345; x_wconf 80' lang='lat' dir='ltr'>daec</span> <span class='ocrx_word' id='word_1_249' title='bbox 942 3283 1084 3346; x_wconf 78' lang='lat' dir='ltr'>carmine</span> <span class='ocrx_word' id='word_1_250' title='bbox 1101 3294 1320 3368; x_wconf 76' lang='lat' dir='ltr'>postmortem</span> 
     </span>
     <span class='ocr_line' id='line_1_30' title="bbox 144 3387 1318 3474; baseline 0.003 -25"><span class='ocrx_word' id='word_1_251' title='bbox 144 3397 252 3470; x_wconf 82' lang='lat' dir='ltr'>poetae</span> <span class='ocrx_word' id='word_1_252' title='bbox 276 3387 400 3451; x_wconf 84' lang='lat' dir='ltr'>collecta</span> <span class='ocrx_word' id='word_1_253' title='bbox 428 3399 456 3452; x_wconf 85' lang='lat' dir='ltr'>et</span> <span class='ocrx_word' id='word_1_254' title='bbox 483 3388 516 3451; x_wconf 83' lang='lat' dir='ltr'>in</span> <span class='ocrx_word' id='word_1_255' title='bbox 545 3387 618 3452; x_wconf 78' lang='lat' dir='ltr'>lidra&#39;</span> <span class='ocrx_word' id='word_1_256' title='bbox 638 3389 783 3474; x_wconf 76' lang='lat' dir='ltr'>formiam</span> <span class='ocrx_word' id='word_1_257' title='bbox 810 3389 936 3453; x_wconf 77' lang='lat' dir='ltr'>redacte</span> <span class='ocrx_word' id='word_1_258' title='bbox 963 3397 1055 3452; x_wconf 82' lang='lat' dir='ltr'>snat“</span> <span class='ocrx_word' id='word_1_259' title='bbox 1085 3388 1148 3470; x_wconf 83' lang='lat' dir='ltr'>(ed.</span> <span class='ocrx_word' id='word_1_260' title='bbox 1167 3409 1198 3471; x_wconf 88' lang='lat' dir='ltr'>p.</span> <span class='ocrx_word' id='word_1_261' title='bbox 1215 3389 1318 3470; x_wconf 84' lang='lat' dir='ltr'>XIII).</span> 
     </span>
     <span class='ocr_line' id='line_1_31' title="bbox 146 3492 1319 3578; baseline 0.006 -23"><span class='ocrx_word' id='word_1_262' title='bbox 146 3492 190 3556; x_wconf 86' lang='lat' dir='ltr'>At</span> <span class='ocrx_word' id='word_1_263' title='bbox 213 3510 271 3557; x_wconf 91' lang='lat' dir='ltr'>nos</span> <span class='ocrx_word' id='word_1_264' title='bbox 296 3495 424 3574; x_wconf 91' lang='lat' dir='ltr'>quidem</span> <span class='ocrx_word' id='word_1_265' title='bbox 449 3495 488 3560; x_wconf 96' lang='lat' dir='ltr'>de</span> <span class='ocrx_word' id='word_1_266' title='bbox 512 3495 653 3561; x_wconf 92' lang='lat' dir='ltr'>editione</span> <span class='ocrx_word' id='word_1_267' title='bbox 677 3494 752 3560; x_wconf 90' lang='lat' dir='ltr'>libri</span> <span class='ocrx_word' id='word_1_268' title='bbox 776 3515 795 3560; x_wconf 88' lang='lat' dir='ltr'>a</span> <span class='ocrx_word' id='word_1_269' title='bbox 819 3515 881 3577; x_wconf 89' lang='lat' dir='ltr'>quo</span> <span class='ocrx_word' id='word_1_270' title='bbox 899 3495 984 3561; x_wconf 86' lang='lat' dir='ltr'>lacta</span> <span class='ocrx_word' id='word_1_271' title='bbox 1000 3500 1088 3562; x_wconf 90' lang='lat' dir='ltr'>esset</span> <span class='ocrx_word' id='word_1_272' title='bbox 1103 3514 1202 3578; x_wconf 90' lang='lat' dir='ltr'>supra</span> <span class='ocrx_word' id='word_1_273' title='bbox 1218 3497 1319 3562; x_wconf 90' lang='lat' dir='ltr'>disse·</span> 
     </span>
     <span class='ocr_line' id='line_1_32' title="bbox 146 3597 1319 3685; baseline 0.005 -23"><span class='ocrx_word' id='word_1_274' title='bbox 146 3597 284 3677; x_wconf 89' lang='lat' dir='ltr'>ruimus;</span> <span class='ocrx_word' id='word_1_275' title='bbox 308 3598 391 3665; x_wconf 87' lang='lat' dir='ltr'>hanc</span> <span class='ocrx_word' id='word_1_276' title='bbox 414 3601 515 3683; x_wconf 85' lang='lat' dir='ltr'>igitur</span> <span class='ocrx_word' id='word_1_277' title='bbox 538 3602 769 3685; x_wconf 87' lang='lat' dir='ltr'>disputationis</span> <span class='ocrx_word' id='word_1_278' title='bbox 792 3608 919 3685; x_wconf 87' lang='lat' dir='ltr'>partem</span> <span class='ocrx_word' id='word_1_279' title='bbox 942 3604 1006 3668; x_wconf 89' lang='lat' dir='ltr'>iam</span> <span class='ocrx_word' id='word_1_280' title='bbox 1026 3602 1202 3668; x_wconf 90' lang='lat' dir='ltr'>mittamus.</span> <span class='ocrx_word' id='word_1_281' title='bbox 1251 3602 1319 3668; x_wconf 85' lang='lat' dir='ltr'>Ori·</span> 
     </span>
     <span class='ocr_line' id='line_1_33' title="bbox 146 3707 1319 3792; baseline 0.004 -22"><span class='ocrx_word' id='word_1_282' title='bbox 146 3707 229 3771; x_wconf 88' lang='lat' dir='ltr'>ticos</span> <span class='ocrx_word' id='word_1_283' title='bbox 266 3711 374 3771; x_wconf 88' lang='lat' dir='ltr'>autem</span> <span class='ocrx_word' id='word_1_284' title='bbox 409 3709 533 3790; x_wconf 82' lang='lat' dir='ltr'>opinor,</span> <span class='ocrx_word' id='word_1_285' title='bbox 570 3710 655 3791; x_wconf 93' lang='lat' dir='ltr'>quod</span> <span class='ocrx_word' id='word_1_286' title='bbox 688 3710 825 3792; x_wconf 88' lang='lat' dir='ltr'>epicedii</span> <span class='ocrx_word' id='word_1_287' title='bbox 860 3708 1010 3775; x_wconf 85' lang='lat' dir='ltr'>Ouidiani</span> <span class='ocrx_word' id='word_1_288' title='bbox 1048 3709 1227 3775; x_wconf 89' lang='lat' dir='ltr'>sententias</span> <span class='ocrx_word' id='word_1_289' title='bbox 1264 3728 1319 3775; x_wconf 89' lang='lat' dir='ltr'>eas</span> 
     </span>
     <span class='ocr_line' id='line_1_34' title="bbox 146 3814 1317 3899; baseline 0.003 -20"><span class='ocrx_word' id='word_1_290' title='bbox 146 3816 209 3896; x_wconf 80' lang='lat' dir='ltr'>(vv.</span> <span class='ocrx_word' id='word_1_291' title='bbox 228 3815 281 3878; x_wconf 88' lang='grc'>31.</span> <span class='ocrx_word' id='word_1_292' title='bbox 299 3815 355 3894; x_wconf 79' lang='grc'>32;</span> <span class='ocrx_word' id='word_1_293' title='bbox 387 3816 438 3880; x_wconf 82' lang='lat'>57.</span> <span class='ocrx_word' id='word_1_294' title='bbox 459 3814 517 3898; x_wconf 82' lang='lat'>58)</span> <span class='ocrx_word' id='word_1_295' title='bbox 540 3817 579 3882; x_wconf 91' lang='lat' dir='ltr'>de</span> <span class='ocrx_word' id='word_1_296' title='bbox 603 3817 718 3898; x_wconf 92' lang='lat' dir='ltr'>quibus</span> <span class='ocrx_word' id='word_1_297' title='bbox 742 3817 865 3899; x_wconf 86' lang='lat' dir='ltr'>egimus</span> <span class='ocrx_word' id='word_1_298' title='bbox 881 3835 945 3881; x_wconf 91' lang='lat' dir='ltr'>non</span> <span class='ocrx_word' id='word_1_299' title='bbox 961 3820 1049 3881; x_wconf 91' lang='lat' dir='ltr'>recte</span> <span class='ocrx_word' id='word_1_300' title='bbox 1072 3822 1317 3899; x_wconf 84' lang='lat' dir='ltr'>perspexerunt,</span> 
     </span>
     <span class='ocr_line' id='line_1_35' title="bbox 146 3920 1318 4005; baseline 0.006 -22"><span class='ocrx_word' id='word_1_301' title='bbox 146 3920 179 3985; x_wconf 93' lang='lat' dir='ltr'>id</span> <span class='ocrx_word' id='word_1_302' title='bbox 213 3920 351 3986; x_wconf 88' lang='lat' dir='ltr'>maxime</span> <span class='ocrx_word' id='word_1_303' title='bbox 386 3922 555 3988; x_wconf 80' lang='lat' dir='ltr'>deduxisse</span> <span class='ocrx_word' id='word_1_304' title='bbox 584 3943 621 3990; x_wconf 91' lang='lat' dir='ltr'>eo</span> <span class='ocrx_word' id='word_1_305' title='bbox 648 3929 686 3988; x_wconf 94' lang='lat' dir='ltr'>ut</span> <span class='ocrx_word' id='word_1_306' title='bbox 717 3924 950 4004; x_wconf 86' lang='lat' dir='ltr'>„brevitatcm“</span> <span class='ocrx_word' id='word_1_307' title='bbox 977 3942 1104 4005; x_wconf 91' lang='lat' dir='ltr'>quoque</span> <span class='ocrx_word' id='word_1_308' title='bbox 1128 3923 1318 4005; x_wconf 82' lang='lat' dir='ltr'>gravissime</span> 
     </span>
     <span class='ocr_line' id='line_1_36' title="bbox 147 4026 1318 4113; baseline 0.005 -21"><span class='ocrx_word' id='word_1_309' title='bbox 147 4032 328 4108; x_wconf 87' lang='lat' dir='ltr'>carperent.</span> <span class='ocrx_word' id='word_1_310' title='bbox 372 4026 436 4094; x_wconf 86' lang='lat' dir='ltr'>Sed</span> <span class='ocrx_word' id='word_1_311' title='bbox 458 4029 511 4094; x_wconf 90' lang='lat' dir='ltr'>hic</span> <span class='ocrx_word' id='word_1_312' title='bbox 535 4031 589 4112; x_wconf 89' lang='lat' dir='ltr'>qui</span> <span class='ocrx_word' id='word_1_313' title='bbox 613 4031 778 4096; x_wconf 89' lang='lat' dir='ltr'>incusatur</span> <span class='ocrx_word' id='word_1_314' title='bbox 802 4031 941 4097; x_wconf 91' lang='lat' dir='ltr'>ambitus</span> <span class='ocrx_word' id='word_1_315' title='bbox 965 4030 1079 4111; x_wconf 91' lang='lat' dir='ltr'>minor,</span> <span class='ocrx_word' id='word_1_316' title='bbox 1105 4049 1176 4096; x_wconf 90' lang='lat' dir='ltr'>cum</span> <span class='ocrx_word' id='word_1_317' title='bbox 1200 4051 1258 4113; x_wconf 93' lang='lat' dir='ltr'>per</span> <span class='ocrx_word' id='word_1_318' title='bbox 1282 4051 1318 4098; x_wconf 89' lang='lat' dir='ltr'>se</span> 
     </span>
     <span class='ocr_line' id='line_1_37' title="bbox 147 4133 1316 4224; baseline 0.005 -24"><span class='ocrx_word' id='word_1_319' title='bbox 147 4133 315 4203; x_wconf 84' lang='lat' dir='ltr'>offensioni</span> <span class='ocrx_word' id='word_1_320' title='bbox 338 4153 402 4200; x_wconf 91' lang='lat' dir='ltr'>non</span> <span class='ocrx_word' id='word_1_321' title='bbox 426 4153 497 4201; x_wconf 88' lang='lat' dir='ltr'>esse</span> <span class='ocrx_word' id='word_1_322' title='bbox 513 4136 670 4222; x_wconf 85' lang='lat' dir='ltr'>videatur,</span> <span class='ocrx_word' id='word_1_323' title='bbox 696 4159 770 4205; x_wconf 91' lang='lat' dir='ltr'>suas</span> <span class='ocrx_word' id='word_1_324' title='bbox 793 4139 893 4205; x_wconf 86' lang='lat' dir='ltr'>habet</span> <span class='ocrx_word' id='word_1_325' title='bbox 909 4157 1022 4206; x_wconf 88' lang='lat' dir='ltr'>causas</span> <span class='ocrx_word' id='word_1_326' title='bbox 1046 4139 1199 4224; x_wconf 90' lang='lat' dir='ltr'>nulloque</span> <span class='ocrx_word' id='word_1_327' title='bbox 1215 4141 1316 4208; x_wconf 93' lang='lat' dir='ltr'>modo</span> 
     </span>
    </p>
   </div>
   <div class='ocr_carea' id='block_1_7' title="bbox 0 0 1474 4890">
    <p class='ocr_par' dir='ltr' id='par_1_8' title="bbox 0 0 1474 4890">
     <span class='ocr_line' id='line_1_38' title="bbox 0 0 1474 4890; baseline 0 2"><span class='ocrx_word' id='word_1_328' title='bbox 0 0 1474 4890; x_wconf 95' lang='lat' dir='ltr'> </span> 
     </span>
    </p>
   </div>
  </div>
 </body>
</html>
