2940 4890
1278 228 1320 290 59

148 403 329 470 contrarios
353 400 511 466 fluctuare
537 402 623 466 sinat
646 401 718 482 ipsa
741 400 831 466 nulla
854 401 918 466 iarn
943 406 1009 480 est3
1036 403 1154 466 etenim
1178 404 1206 468 si
1228 407 1322 468 tanta

148 511 279 576 licentia
306 509 371 591 legi
399 509 505 589 datur,
529 528 592 575 nou
618 508 816 573 dubitaveris
840 508 923 573 hanc
947 528 1072 591 quoque
1097 510 1144 574 ita
1167 509 1321 575 adhibere

147 624 185 684 ut
200 637 366 683 numerum
380 634 529 681 versuum
545 616 579 680 in
602 620 772 696 utramque
790 619 916 696 partem
939 614 1115 698 amplifices
1139 617 1320 696 minuasve3

146 726 208 790 huc
232 725 356 791 accedit
379 724 465 805 quod
491 727 614 788 certum
638 727 687 787 est
711 726 748 786 ut
772 722 852 787 alias
877 723 923 786 ita
946 723 998 788 hio
1023 723 1096 788 aliis
1121 722 1320 805 temporibus

148 832 246 897 aliurn
278 849 400 895 morem
429 830 604 910 scriptores
634 832 761 895 secutos
791 828 908 911 esse¹).
958 829 1073 912 Itaque
1102 831 1142 895 de
1171 831 1321 896 universa

148 941 220 1020 lege
249 957 288 1003 ne
321 936 530 1019 cogitaverim
559 935 697 1017 quidem,
727 956 832 1018 neque
863 956 938 1001 vero
967 937 1049 1002 hanc
1072 936 1256 1001 rettulerim
1280 938 1320 1002 ad

147 1047 247 1111 libros
281 1044 415 1126 eosqui
445 1043 568 1107 maiore
595 1043 750 1124 temporis
778 1043 948 1108 intervallo
980 1044 1117 1110 seiuncti
1149 1044 1180 1107 in
1217 1042 1320 1109 lucem

148 1153 266 1234 singuli
295 1151 493 1234 prodierunt.
540 1149 668 1216 Etenim
691 1154 829 1231 poetam,
856 1150 883 1214 si
912 1149 963 1215 vel
985 1170 1083 1214 uuum
1106 1151 1224 1215 librum
1248 1151 1321 1217 ede·

149 1260 206 1326 bat
234 1259 284 1325 vel
311 1259 422 1340 plures
451 1257 498 1320 ita
526 1260 563 1320 ut
591 1257 676 1320 inter
700 1256 897 1338 singulorum
923 1257 1095 1322 editionem
1119 1259 1320 1340 aliquantum

147 1367 302 1448 temporis
327 1367 502 1431 interesset
526 1361 627 1445 (velut
650 1364 737 1429 inter
754 1363 871 1428 Tibulli
895 1363 995 1429 libros
1019 1364 1036 1429 Ι
1060 1370 1092 1430 et
1115 1364 1170 1448 ΙΙ),
1191 1365 1320 1430 modum

148 1479 182 1540 et
211 1475 369 1538 rationem
398 1470 550 1535 habuisse
580 1475 613 1533 et
639 1469 760 1535 habere
787 1489 851 1535 non
879 1475 947 1536 tam
970 1477 1120 1538 accurate
1145 1489 1241 1553 quam
1265 1473 1320 1554 qui

151 1581 250 1646 libros
267 1581 376 1662 plures
391 1578 425 1643 in
448 1596 545 1641 unum
570 1582 736 1659 tamquam
760 1578 1004 1658 comprehensos
1028 1597 1092 1644 uno
1116 1583 1262 1660 tempore
1286 1579 1320 1644 in

147 1690 251 1754 lucem
276 1685 444 1752 emittebat
468 1703 538 1750 cum
561 1683 792 1766 probabilitate
816 1685 899 1750 sumi
922 1690 1044 1766 potest:
1068 1685 1153 1750 hunc
1176 1686 1261 1751 enirn
1284 1690 1321 1751 ut

147 1796 243 1861 hodie
267 1795 312 1860 sio
335 1797 403 1858 tum
429 1796 679 1858 consentaneum
703 1792 809 1857 estid
837 1811 963 1874 quoque
987 1793 1184 1874 spectavisse
1207 1799 1244 1858 ut
1268 1813 1320 1858 ae·
1403 1802 1405 1806 '

149 1902 375 1986 qusbilitatem
408 1900 569 1982 quandam
601 1898 800 1981 singulorum
828 1899 983 1964 librorum
1012 1904 1167 1980 servaret,
1191 1905 1228 1964 ut
1256 1901 1320 1966 dis·

128 1994 303 2091 ¹positioni
342 2026 437 2089 quam
473 2026 526 2073 res
554 2006 742 2088 postulabat
765 2005 868 2071 forma
901 2026 940 2072 ex
976 2011 1069 2086 parte
1098 2008 1340 2088 responderet..

149 2115 211 2182 Sed
228 2134 267 2180 ne
285 2120 352 2180 tum
370 2114 498 2196 quidem
519 2131 647 2195 semper
674 2114 779 2196 legem
803 2114 983 2194 graviorem
1008 2113 1183 2194 scriptores
1207 2132 1321 2196 seque-

147 2220 309 2303 banturb.
358 2221 464 2303 Atque
495 2225 625 2301 praeter
650 2225 758 2285 cetera
780 2241 879 2285 unum
903 2221 1127 2302 gravissimum
1151 2226 1209 2301 est,
1236 2222 1320 2304 quod

148 2329 270 2394 Birtius
289 2346 359 2393 oum
377 2327 482 2393 obiter
498 2328 531 2392 in
548 2327 608 2392 hac
631 2333 725 2409 parte
750 2327 825 2393 libri
849 2329 899 2393 sui
923 2327 958 2414 (l.
971 2327 991 2391 l.
1006 2347 1038 2409 p.
1054 2325 1132 2412 291)
1157 2328 1318 2408 attigerit:

149 2437 280 2509 „Starlcc
303 2435 549 2519 Adcocicbunpea
577 2446 700 2499 matroon
723 2435 834 2499 immor
856 2435 891 2510 in
915 2436 1100 2500 besondaren
1129 2434 1321 2505 Umstdnden

148 2544 214 2611 ihre
243 2543 426 2627 Erbldruop
445 2543 579 2630 finded‘
589 2539 613 2624 ³)
639 2546 747 2607 tamen
772 2543 812 2607 ad
837 2542 1037 2623 singulorum
1061 2548 1229 2624 poetarum
1254 2547 1319 2608 tra·

149 2650 305 2715 ditionem
325 2650 491 2714 accedens
523 2668 587 2716 non
614 2650 661 2715 ita
689 2655 725 2714 ut
754 2669 814 2731 par
847 2654 918 2714 erat
945 2650 1140 2715 observavit.
1196 2649 1318 2729 Nempe

149 2758 204 2840 qui
229 2758 368 2839 aliquam
392 2777 460 2823 rem
483 2757 610 2838 poetice
632 2757 840 2840 prosequitur
857 2761 949 2822 curat
964 2756 1064 2821 multo
1089 2756 1192 2838 magis
1216 2757 1258 2836 id,
1285 2759 1320 2820 ut

149 2885 217 2930 rem
241 2866 344 2945 ipsam
373 2865 452 2929 satis
477 2865 628 2947 explanet
652 2872 685 2930 et
710 2865 911 2930 condiciones
935 2870 1008 2929 utut
1032 2864 1250 2928 necessarium
1274 2863 1318 2928 vi·
1380 2946 1383 2952 ἡ

151 2973 246 3038 detur
278 2977 428 3037 accurate
457 2978 490 3037 et
518 2972 645 3053 copiose
673 2972 827 3054 depingat
856 2991 951 3054 quam
974 2976 1011 3035 ut
1035 2974 1147 3035 caveat
1170 2989 1210 3034 nc
1233 2970 1321 3034 ultra

149 3078 279 3144 modum
309 3083 430 3142 certum
460 3083 493 3145 et
521 3097 632 3143 norma
661 3079 896 3161 praescriptum
926 3079 1065 3143 ambitus
1094 3077 1320 3158 progrediatur

221 3450 241 3519 ¹)
261 3449 332 3519 Apte
351 3450 496 3504 Reischius
516 3450 582 3520 quid
602 3448 705 3502 dehac
725 3465 754 3502 re
777 3449 953 3503 iudicandum
977 3451 1014 3503 sit
1034 3448 1241 3518 comprehendit
1257 3450 1287 3521 (l.
1300 3450 1319 3504 l.

147 3555 174 3607 p.
193 3541 263 3608 lOll:
285 3541 373 3602 „Dass
392 3543 431 3592 ein
448 3542 560 3606 yewicses
579 3540 773 3591 Maximalmass
791 3541 816 3591 in
836 3540 880 3590 der
898 3541 975 3606 Reqel
994 3541 1144 3606 einpebalten
1164 3542 1246 3592 roardo
1269 3542 1320 3592 und

148 3628 209 3678 daus
227 3629 280 3679 eine
296 3630 397 3694 petuisse
415 3627 569 3695 Bucbyrc'isse
588 3648 617 3680 zu
634 3631 750 3696 yewissen
764 3630 849 3680 Zeitcn
869 3631 1002 3693 „modern“
1021 3648 1082 3693 war,
1102 3633 1134 3681 ist
1151 3633 1320 3699 zweifelsodne

148 3720 290 3783 zuzapeben.
329 3719 400 3768 Dare
419 3721 478 3768 uber
496 3719 534 3768 ein
553 3720 692 3786 oriqineller
711 3721 814 3770 Dichter
832 3720 916 3771 kainon
936 3721 1028 3786 anqer
1047 3721 1108 3770 dreit
1126 3738 1178 3770 vom
1198 3719 1256 3786 Weq
1276 3720 1320 3772 der

149 3807 226 3856 Modo
249 3808 384 3857 miserebar
410 3807 490 3872 ddrsa
510 3809 542 3858 ist
560 3809 611 3858 eine
636 3796 837 3874 Voraussetznrq,
862 3809 902 3859 die
919 3826 948 3858 zu
966 3809 1049 3858 keiner
1068 3810 1123 3859 Zev't
1144 3810 1222 3879 pouq
1241 3815 1319 3862 war.“

220 3891 243 3962 2)
262 3893 321 3947 Hoc
341 3896 365 3948 si
385 3911 417 3949 ea
436 3911 504 3964 quae
521 3895 632 3963 collegit
655 3896 757 3950 Birtins
776 3912 820 3965 pp.
835 3899 885 3952 293
899 3913 949 3966 sq.‚
974 3899 1025 3952 996
1041 3913 1089 3965 sq.‚
1110 3899 1158 3952 301
1176 3914 1234 3967 sqq.
1256 3914 1319 3952 con·

148 3983 270 4051 spexeris
290 3984 342 4036 iam
363 3984 465 4040 credes.

220 4071 242 4138 ³)
261 4071 302 4125 cf.
326 4072 399 4142 quod
418 4074 459 4126 vir
479 4074 575 4126 doctus
595 4074 627 4126 de
646 4075 752 4127 rationo
772 4091 840 4143 quae
859 4076 1013 4130 intercedat
1031 4075 1104 4128 inter
1125 4075 1216 4128 Ovidii
1230 4076 1316 4130 Meta-

149 4160 329 4230 morphoseon
347 4161 432 4215 libros
452 4162 507 4216 XII
527 4167 554 4216 et
573 4162 644 4216 XIlI
664 4163 731 4216 dicit
750 4164 778 4226 (l.
792 4165 809 4218 l.
824 4181 850 4233 p.
866 4166 935 4230 ¹29⁴).
