2940 4890
153 202 194 264 66

153 395 207 441 sus
231 381 282 440 est
306 395 415 441 amore
440 374 533 455 fingit
557 375 622 438 acri
649 379 682 439 et
705 375 830 440 intento
855 375 961 438 animo
979 376 1037 459 (vv.
1057 376 1201 459 dl--3ll
1226 381 1326 459 atque

151 483 278 566 singula
301 483 467 547 illustrans
491 481 559 546 vult
584 480 708 545 Deliam
732 481 828 547 rebus
850 481 1035 546 domesticis
1059 501 1211 562 praeesse
1237 485 1322 549 eius-

152 609 214 671 que
238 589 374 655 arbitrio
398 589 505 654 omnia
529 587 607 669 geri,
639 606 710 652 cum
739 587 809 669 ipse
837 588 918 653 nihil
942 588 975 652 in
1003 589 1097 653 domo
1127 608 1198 656 esse
1221 591 1324 656 malit.

153 696 240 774 Quae
264 695 392 778 quidem
415 695 523 774 verba,
548 695 576 758 si
601 694 818 759 condicionem
843 714 906 776 qua
930 700 1100 760 moventur
1122 697 1324 779 respicimus,

153 803 275 885 optime
299 801 534 884 intelliguntur.
582 799 645 865 Sed
674 801 810 880 mireris,
837 801 921 883 quod
949 801 1030 866 haec
1058 822 1172 884 parum
1200 809 1326 869 mutata

152 928 223 974 cum
247 929 285 975 ea
309 928 391 991 quae
415 908 577 973 antecedit
608 908 770 972 sententia
800 909 973 973 Nemeseos
1004 909 1058 990 qui
1086 907 1185 974 fuerit
1214 909 1248 975 in
1273 910 1325 974 Ti-

151 1015 274 1080 bullum
309 1034 406 1096 asper
441 1033 531 1080 amor
561 1014 733 1080 exhibente
764 1014 943 1079 hexametri
971 1015 1131 1080 Martialis
1161 1015 1230 1100 sine
1257 1017 1332 1082 ulla

151 1122 354 1188 dubitatione
378 1123 551 1187 coniunxit.
588 1122 679 1199 Quod
701 1126 808 1187 utrum
833 1127 953 1187 temere
976 1121 1089 1188 fecerit
1113 1141 1154 1187 an
1178 1124 1324 1189 consulto

151 1229 326 1310 quaeritur.
365 1231 469 1312 Atque
485 1231 754 1295 Friedlaenderus
769 1231 819 1295 vir
836 1230 1039 1297 doctissimus
1057 1231 1096 1294 ad
1113 1231 1143 1294 h.
1161 1230 1182 1296 l.
1197 1229 1265 1315 (1.1.
1280 1231 1322 1306 Π,

151 1354 181 1416 p.
205 1337 282 1411 339)
319 1338 467 1402 adnotat:
505 1337 661 1410 „Mortiat
695 1337 747 1399 hot
782 1337 848 1400 bier
875 1335 1018 1400 Nemesis
1048 1338 1104 1399 anit
1132 1336 1228 1401 Delia
1255 1361 1323 1402 oar-

153 1443 320 1510 westsear.
379 1443 447 1509 Iam
476 1444 713 1508 concedendum
742 1446 791 1507 est
820 1441 1003 1507 Martialem
1032 1446 1067 1506 ut
1094 1440 1323 1508 facetissimum

154 1551 200 1615 ita
229 1550 522 1632 ingeniosissimum
551 1555 680 1632 poetam
716 1568 810 1631 quem
834 1548 1021 1631 Lessingius
1052 1555 1162 1615 noster
1191 1552 1323 1632 plurimi

151 1656 368 1736 aestimavit¹)
394 1657 627 1738 epigrammata
650 1655 730 1721 haec
755 1692 795 1702 —
821 1655 1075 1737 apophoreta-
1105 1657 1229 1722 minuta
1254 1657 1324 1723 sine

150 1782 266 1844 magno
291 1762 402 1828 labore
427 1763 610 1844 scripsisse;
635 1763 692 1828 sed
715 1767 842 1827 tanturn
867 1763 981 1828 aberat
1003 1768 1040 1826 ut
1063 1767 1184 1830 temere
1201 1765 1341 1846 aliquid·

149 1871 273 1935 diceret
296 1870 347 1936 vel
372 1887 611 1952 supervacanea
634 1871 675 1935 ad
699 1888 826 1934 versum
843 1869 1054 1935 claudendum
1070 1870 1269 1953 relinqueret
1286 1876 1323 1937 ut

149 1978 388 2058 perpensitaret
427 1976 565 2042 disticha
600 1995 662 2058 quo
699 1976 818 2041 certius
857 1976 943 2058 quod
981 1977 1137 2057 petebant
1175 1976 1321 2043 ferirent.

149 2083 295 2166 Namque
319 2084 399 2148 haec
423 2088 473 2149 est
491 2088 608 2149 natura
625 2083 876 2165 epigrammatis,
894 2088 930 2147 ut
945 2083 1036 2148 brevi
1052 2081 1173 2148 formae
1189 2103 1322 2165 respon-

149 2192 224 2257 deat
247 2192 319 2273 ipsa
343 2191 504 2256 sententia
528 2196 621 2255 acute
649 2196 682 2254 et
706 2191 858 2255 concinne
883 2176 978 2255 dicta.
1038 2189 1144 2267 Quare
1173 2209 1237 2256 non
1266 2190 1322 2256 ad·
1384 2187 1388 2193 “

149 2298 286 2380 stipulor
309 2297 570 2378 Friedlaendero‚
595 2302 724 2379 poetam
750 2316 821 2361 eum
849 2297 882 2361 in
906 2316 1001 2379 quem
1024 2297 1142 2361 mirum
1165 2303 1322 2379 quantum

149 2405 268 2470 eadunt
291 2404 432 2469 Senecae
456 2405 512 2469 illa
535 2428 598 2469 noa
622 2429 641 2468 a
665 2406 793 2469 summis
818 2405 916 2468 labris
939 2405 1178 2478 debaccharent,
1210 2405 1322 2469 habeat

149 2512 205 2575 bae
228 2534 312 2576 voces
328 2513 582 2598 fundamentum,
603 2512 670 2576 sive
688 2511 873 2592 ignorantia
894 2511 962 2575 sive
978 2510 1177 2592 negligentia
1192 2515 1321 2592 captum

148 2617 309 2683 Nemesim
342 2637 400 2699 pro
432 2617 526 2683 Delia
555 2635 697 2697 vocasse,
734 2616 999 2699 exploratumque
1035 2617 1138 2683 habeo
1175 2617 1320 2682 consulto

148 2724 330 2790 Martialem
355 2744 438 2807 quae
461 2726 502 2790 ad
525 2725 651 2789 Deliam
676 2725 751 2789 olim
775 2723 948 2789 rettulerat
965 2723 1110 2789 Tibullus
1128 2723 1257 2787 Nemesi
1282 2741 1321 2787 ea

147 2831 309 2912 tribuisse,
328 2852 391 2898 non
410 2833 522 2897 eodem
547 2833 673 2914 quidem
697 2832 791 2897 modo
821 2831 878 2896 sed
902 2831 1051 2895 similiter
1067 2849 1104 2896 ac
1128 2848 1226 2911 supra
1242 2830 1322 2895 vidi-

146 2956 216 3002 mus
233 2937 381 3002 Ovidium
397 2939 430 3003 in
448 2939 591 3020 epicedio
610 2939 696 3020 quod
714 2938 860 3003 Tibullus
877 2938 916 3002 de
934 2938 1027 3003 Delia
1051 2938 1196 3018 cogitans
1218 2937 1319 3018 scrip·

147 3049 235 3109 serat
253 3045 285 3108 id
303 3045 465 3111 Nemesim
486 3045 677 3126 gloriantem
694 3044 820 3110 fecisse.
862 3043 1008 3126 Namque
1026 3045 1120 3109 credo
1137 3043 1321 3109 Martialem

147 3149 234 3214 haud
245 3150 446 3232 ignoravisse
457 3151 514 3216 ubi
527 3151 671 3217 Tibullus
683 3152 766 3218 hauc
780 3152 974 3218 sententiam
988 3151 1182 3233 scripsisset.
1206 3151 1320 3216 Albius

148 3257 223 3320 olim
246 3276 385 3322 summas
410 3276 554 3322 amorum
579 3258 710 3323 delicias
739 3258 864 3341 fingens
887 3258 1001 3323 Deliae
1030 3257 1137 3324 omnia
1164 3256 1321 3322 committi

146 3364 313 3444 ipsumque
328 3365 408 3428 nibil
423 3366 457 3428 ia
473 3367 563 3429 domo
580 3389 642 3430 essa
656 3365 817 3444 voluerat3
835 3383 899 3446 qua
916 3365 1078 3430 sententia
1094 3363 1256 3429 Martialis
1274 3365 1321 3428 ita

145 3470 250 3533 utitur
273 3474 308 3533 ut
332 3489 459 3535 sensum
484 3477 593 3553 aptum
619 3470 761 3536 efficeret
778 3472 864 3553 (uta
887 3475 1092 3553 pentametro
1117 3469 1320 3551 proficiscar)

145 3574 244 3640 hunc:
261 3576 356 3655 „olim
370 3577 514 3643 Tibullus
531 3614 566 3623 -
583 3596 652 3642 cum
666 3578 778 3642 Deliae
791 3577 974 3661 aegrotanti
987 3577 1116 3641 adesset
1129 3613 1160 3621 -
1180 3577 1212 3641 in
1226 3577 1319 3641 domo

146 3682 225 3747 nihil
255 3701 334 3749 esse¹
349 3684 461 3765 voluit,
486 3685 602 3751 deinde
625 3685 685 3749 hoc
709 3685 824 3767 ipsum,
855 3686 912 3750 sed
937 3683 1062 3765 acerbe,
1093 3683 1225 3748 accidit:
1255 3682 1321 3747 alia

146 3793 253 3854 autem
271 3810 342 3855 eum
359 3792 450 3871 ussit,
469 3791 615 3856 Nemesis
628 3792 757 3872 lasciva,
773 3792 821 3857 ita
839 3796 874 3856 ut
892 3790 992 3874 (quod
1008 3788 1149 3854 fortasse
1165 3789 1320 3854 subintel-

144 3896 273 3979 lexeris)
285 3897 356 3980 ipse
368 3917 427 3980 pro
440 3898 541 3964 nihilo
558 3901 758 3979 putaretur.“
790 3898 949 3964 Videlicet
962 3896 1017 3980 qui
1029 3896 1089 3960 hoc
1105 3900 1173 3960 tum
1190 3894 1322 3978 legebat

217 4127 239 4195 ¹)
259 4123 476 4194 abhandlungen
490 4126 558 4180 iiber
574 4127 621 4180 das
635 4127 802 4195 Epigramm‚
816 4126 868 4180 III.
897 4125 947 4179 Bd.
962 4124 987 4178 X
999 4140 1027 4193 p.
1044 4125 1093 4180 137
1104 4139 1163 4192 sqq.
1175 4123 1320 4193 (Hempel).
